3054 4150
298 352 438 413 ilites
451 362 525 423 [13
539 374 598 422 ἱ«1).
615 361 732 420 6141,
761 362 899 409 cuius
929 362 1090 410 uerbis
1126 357 1220 412 οὔτε.
1246 360 1292 406 δὲ
1321 360 1478 411 Πλᾶκος
1505 359 1533 420 ἦ
1563 361 1672 413 Πλᾶξ
1701 363 1788 406 ἐκεῖ
1811 379 1847 406 τι
1877 362 2032 420 λέγεται
2060 359 2144 407 οὔθ’
2177 361 2252 420 ’ὕλη
2281 364 2506 423 ὑπέρκειται
2532 365 2646 426 plus

300 434 469 482 tribuo·
491 444 638 492 quam
666 430 951 490 ratiunculis
980 431 1080 481 illis
1119 444 1240 490 quae
1277 430 1425 479 schol.
1457 430 1629 479 Z397'1'
1667 431 1903 498 leguntur.
1966 436 2106 480 uenio
2138 433 2197 480 ad
2229 433 2416 482 Thebas
2445 436 2644 495 Aegyp-

300 505 408 550 tias·
426 501 556 562 quod
584 513 761 548 nomen
791 500 907 547 olim
937 514 1036 547 non
1068 500 1129 552 ad
1158 499 1416 559 Diospolin
1444 503 1746 560 pertinuisse,
1776 501 1861 547 sed
1891 502 2014 548 nihil
2049 505 2145 548 nisi
2184 497 2405 560 magnam
2435 505 2645 564 Aegypti

301 573 465 619 urbem
500 568 799 628 significasse
837 569 932 618 loci
967 568 1207 617 Homerici
1242 572 1503 617 certissime
1540 570 1722 618 docent.
1795 573 2024 629 quoniam
2071 586 2183 617 uero
2220 573 2430 631 Aegypti
2473 576 2646 629 notitia
2659 620 2674 627 -

298 643 479 701 primos
511 639 575 686 ad
602 639 744 686 Iones
773 641 1005 697 peruenit,
1034 638 1147 699 illos
1174 638 1444 685 Thebarum
1474 641 1665 685 nomine
1695 642 1767 685 uti
1796 639 1968 687 solitos
2000 655 2103 685 esse
2133 639 2365 686 concludo
2397 648 2450 687 ut
2479 643 2642 688 urbem

299 723 523 768 magnam
553 713 602 755 et
629 706 902 765 fabulosam
933 707 1268 765 significarent.
1329 722 1471 766 quem
1500 711 1658 761 8811111,
1689 711 1740 755 81
1770 709 1913 755 ualde
1943 709 2098 762 fallor,
2129 724 2345 768 accepere
2374 725 2403 756 a
2424 711 2643 757 Cadmeis

300 794 421 838 quos
451 781 574 825 inter
612 778 785 835 Ionum
831 792 948 823 auos
987 778 1136 824 fuisse
1165 776 1437 825 Herodotus
1468 777 1523 834 [1,
1556 778 1653 835 146]
1693 784 1908 826 testatur.
1971 778 2134 825 Theba
2174 778 2263 824 illa
2301 779 2465 826 Ionica
2501 795 2644 838 quam

299 847 637 909 Theopompus
667 852 1132 901 commemorauerat,
1170 851 1270 894 erat
1298 861 1446 906 prope
1481 852 1690 904 montem
1720 846 1943 906 Mycalen
1983 862 2137 907 neque
2162 847 2344 907 ‚procul
2377 847 2585 896 distabat
2616 864 2644 896 8

299 920 470 965 Priene
514 931 658 976 quam
705 916 916 963 Cadmen
972 920 1168 976 eiusque
1213 916 1395 963 incolas
1441 917 1673 963 Cadmeos
1718 921 1878 963 uocari
1923 917 2204 964 Hellanicus
2264 917 2484 976 [Hesych.
2529 935 2565 964 8.
2599 935 2642 964 8.

301 987 493 1046 Καδμεῖοι
532 986 687 1034 Strab
726 990 779 1032 14
821 1001 866 1045 p.
899 985 999 1044 636]
1043 991 1256 1033 testatur
1327 991 1478 1032 cetera
1522 985 1835 1033 Cadmeorum
1880 987 2150 1033 lonicorum
2197 989 2403 1044 uestigia
2447 987 2644 1034 collecta

300 1059 554 1105 inuenietis
584 1059 635 1104 in
665 1055 897 1133 Toepfferi
927 1056 1050 1103 libro
1083 1057 1262 1115 optimo
1294 1056 1352 1102 de
1380 1057 1605 1114 gentibus
1636 1057 1737 1102 At‘
1709 1059 1809 1102 1818
1841 1056 1898 1116 [p.
1933 1056 2043 1114 2951.
2093 1057 2299 1115 denique
2329 1057 2541 1104 notabile
2571 1064 2645 1103 881

300 1128 578 1188 Spartorum
607 1107 826 1175 fabulam
863 1140 961 1172 non
1006 1140 1113 1172 cum
1145 1126 1313 1172 Cadmi
1343 1131 1532 1172 tantum
1562 1125 1774 1173 aduentu
1805 1127 1887 1173 sed
1917 1142 2025 1173 eum
2056 1127 2243 1173 Iasonis
2275 1141 2462 1186 quoque
2502 1129 2642 1173 rebus

297 1200 446 1256 gestis
477 1197 594 1244 adeo
626 1199 730 1242 sine
761 1196 1032 1250 discrimine
1062 1198 1365 1242 coniunctam
1396 1210 1499 1241 esse
1538 1201 1593 1241 ut
1634 1187 1846 1241 eiusdem
1879 1197 2097 1242 draconis
2130 1196 2296 1242 dentes
2329 1211 2357 1241 8
2388 1196 2566 1243 Cadmo
2598 1204 2643 1242 et

299 1269 359 1315 ab
404 1268 575 1315 Iasone
619 1265 917 1325 Pherecydes
962 1265 1124 1323 [schol.
1163 1266 1253 1324 Ap.
1292 1266 1404 1323 Arg.
1437 1270 1478 1318 3,
1526 1265 1652 1323 1179]
1698 1271 1828 1311 satos
1874 1281 1977 1312 esse
2021 1266 2281 1312 tradiderit.
2351 1269 2482 1324 atqui
2529 1267 2643 1312 haec

299 1336 684 1395 Argonautarum
722 1335 912 1382 fabulae
957 1350 1066 1394 pars
1112 1335 1171 1381 ab
1214 1335 1437 1381 omnibus
1475 1334 1535 1380 ad
1574 1335 1869 1381 Milesiorum
1910 1335 2124 1382 colonias
2166 1335 2393 1381 Ponticas
2436 1335 2640 1381 refertur.

299 1412 538 1453 uetustam
584 1407 731 1463 igitur
776 1411 823 1450 81
867 1420 925 1450 ex
970 1408 1076 1464 ipsa
1120 1405 1320 1450 historia
1363 1407 1560 1464 petitam
1600 1405 1812 1450 fabulam
1854 1405 1911 1450 de
1952 1405 2133 1451 Cadmo
2176 1397 2349 1450 terram
2392 1411 2644 1462 quaerente

299 1479 514 1522 extitisse
546 1474 674 1534 apud
692 1474 1005 1520 Cadmeorum
1020 1480 1186 1531 gentes
1218 1477 1415 1527 conicio,
1446 1490 1548 1520 eam
1580 1480 1634 1520 ut
1664 1477 1793 1532 ipsos
1822 1475 2053 1520 Cadmeos
2086 1475 2146 1520 ab
2178 1475 2379 1521 Ionibus
2411 1480 2642 1532 receptam

292 1560 416 1598 esse,
461 1544 664 1603 denique
696 1559 725 1590 a
752 1550 894 1602 poeta
923 1544 1083 1590 Ionico
1116 1559 1169 1590 eo
1202 1550 1413 1603 tempore
1459 1559 1553 1602 quo
1600 1545 1822 1601 antiquae
1866 1543 2181 1601 Cadmeorum
2227 1545 2371 1590 sortis
2418 1545 2644 1589 memoria

298 1615 392 1660 fere
422 1618 696 1665 euanuerat,
725 1615 795 1659 ita
824 1612 1061 1659 excultam
1093 1620 1138 1659 et
1169 1618 1385 1659 ornatam
1417 1628 1519 1659 esse
1550 1618 1605 1658 ut
1635 1612 1846 1660 coloniae
1878 1613 2065 1659 Ionicae
2097 1611 2340 1670 exemplar
2363 1619 2643 1671 proponeret

297 1682 527 1741 generale.
589 1684 657 1730 ita
694 1687 815 1729 certe
857 1682 1118 1742 explicatur
1157 1681 1394 1741 quomodo
1433 1682 1611 1728 factum
1651 1684 1715 1727 sit
1755 1687 1808 1727 ut
1839 1681 2046 1728 Cadmus
2079 1681 2267 1727 Thebas
2311 1684 2556 1739 antiquam
2599 1687 2644 1726 et

299 1767 459 1798 veram
489 1755 692 1811 patriam
724 1754 862 1810 quasi
892 1766 1067 1798 nouam
1099 1753 1334 1798 coloniam
1366 1751 1636 1798 condidisse
1667 1751 1936 1796 crederetur.

506 1821 600 1868 Sed
631 1823 699 1867 ita
728 1835 802 1867 me
834 1823 1041 1880 abripuit
1071 1827 1119 1867 et
1148 1822 1350 1867 abduxit
1381 1821 1593 1867 studium
1625 1821 1811 1867 fabulas
1832 1819 2192 1878 peruestigandi
2224 1826 2279 1865 ut
2308 1822 2402 1865 iam
2434 1823 2642 1878 spatium

299 1890 487 1937 deficiat
531 1893 740 1938 nominis
786 1891 1006 1949 Europae
1057 1892 1361 1949 geographici
1415 1890 1697 1948 explicandi.
1771 1896 2025 1948 postquam
2080 1892 2205 1935 enim
2254 1890 2392 1935 Iones
2439 1890 2642 1936 fabulari

298 1961 540 2008 desierunt
569 1976 817 2019 rerumque
847 1963 1095 2008 ueritatem
1127 1975 1408 2017 cognoscere
1438 1965 1711 2019 coeperunt,
1753 1962 1959 2007 anticum
1998 1959 2112 2006 deae
2143 1958 2363 2017 Europae
2395 1974 2567 2006 nomen
2599 1962 2641 2006 ei

299 2031 426 2079 orbis
458 2035 687 2077 terrarum
716 2033 841 2090 parti
872 2031 1190 2078 attribuerunt
1222 2044 1342 2089 quae
1373 2045 1540 2077 uersus
1572 2031 1941 2089 septentrionem
1973 2034 2018 2076 et
2050 2027 2339 2075 occidentem
2370 2031 2640 2087 porrigitur,

298 2100 381 2147 ubi
413 2100 526 2147 olim
561 2099 671 2146 Orci
700 2105 862 2159 portas
909 2114 1012 2146 esse
1058 2100 1365 2153 c1·edide1·,ant
1412 2114 1469 2146 88
1509 2106 1613 2146 tum
1658 2100 1845 2158 quidem
1893 2101 2019 2145 omni
2067 2101 2239 2143 ueteris
2287 2102 2638 2157 superstitionis

297 2172 524 2216 memoria
567 2171 761 2216 abiecta.
832 2170 946 2215 haee
992 2185 1103 2216 8810
1150 2172 1314 2228 paucis
1366 2172 1520 2245 uerbis
1568 2172 1741 2228 exponi
1787 2175 2047 2226 nequeunt:
2109 2171 2156 2212 in
2204 2174 2448 2226 posterum
2495 2172 2638 2225 igitur

299 2253 477 2284 annum
508 2238 684 2284 differo.
