<?xml version="1.0" encoding="UTF-8"?>
<!DOCTYPE html PUBLIC "-//W3C//DTD XHTML 1.0 Transitional//EN"
    "http://www.w3.org/TR/xhtml1/DTD/xhtml1-transitional.dtd">
<html xmlns="http://www.w3.org/1999/xhtml" xml:lang="en" lang="en">
 <head>
  <title>
</title>
<meta http-equiv="Content-Type" content="text/html;charset=utf-8" />
  <meta name='ocr-system' content='tesseract 3.04.00' />
  <meta name='ocr-capabilities' content='ocr_page ocr_carea ocr_par ocr_line ocrx_word'/>
</head>
<body>
  <div class='ocr_page' id='page_1' title='image "4763763_0018.png"; bbox 0 0 3054 4150; ppageno 0'>
   <div class='ocr_carea' id='block_1_1' title="bbox 313 170 370 213">
    <p class='ocr_par' dir='ltr' id='par_1_1' title="bbox 313 170 370 213">
     <span class='ocr_line' id='line_1_1' title="bbox 313 170 370 213; baseline 0.018 -1"><span class='ocrx_word' id='word_1_1' title='bbox 313 170 370 213; x_wconf 82' lang='lat'><strong>12</strong></span> 
     </span>
    </p>
   </div>
   <div class='ocr_carea' id='block_1_2' title="bbox 313 293 2711 3340">
    <p class='ocr_par' dir='ltr' id='par_1_2' title="bbox 313 293 2673 619">
     <span class='ocr_line' id='line_1_2' title="bbox 313 293 2670 354; baseline 0.003 -14"><span class='ocrx_word' id='word_1_2' title='bbox 313 294 439 347; x_wconf 88' lang='lat' dir='ltr'><strong>Dite,</strong></span> <span class='ocrx_word' id='word_1_3' title='bbox 470 293 755 342; x_wconf 79' lang='lat' dir='ltr'><strong>subducitur</strong></span> <span class='ocrx_word' id='word_1_4' title='bbox 785 294 876 342; x_wconf 91' lang='lat' dir='ltr'><strong>sub</strong></span> <span class='ocrx_word' id='word_1_5' title='bbox 906 300 1092 348; x_wconf 88' lang='lat' dir='ltr'><strong>terram,</strong></span> <span class='ocrx_word' id='word_1_6' title='bbox 1126 297 1367 353; x_wconf 88' lang='lat' dir='ltr'><strong>quaeritur</strong></span> <span class='ocrx_word' id='word_1_7' title='bbox 1386 310 1470 354; x_wconf 89' lang='lat' dir='ltr'><strong>per</strong></span> <span class='ocrx_word' id='word_1_8' title='bbox 1488 301 1643 343; x_wconf 89' lang='lat' dir='ltr'><strong>totum</strong></span> <span class='ocrx_word' id='word_1_9' title='bbox 1665 295 1825 344; x_wconf 90' lang='lat' dir='ltr'><strong>orbem</strong></span> <span class='ocrx_word' id='word_1_10' title='bbox 1846 300 2088 343; x_wconf 87' lang='lat' dir='ltr'><strong>terrarum.</strong></span> <span class='ocrx_word' id='word_1_11' title='bbox 2151 298 2267 354; x_wconf 89' lang='lat' dir='ltr'><strong>quin</strong></span> <span class='ocrx_word' id='word_1_12' title='bbox 2288 299 2432 345; x_wconf 87' lang='lat' dir='ltr'><strong>etiam</strong></span> <span class='ocrx_word' id='word_1_13' title='bbox 2456 299 2670 348; x_wconf 80' lang='lat' dir='ltr'><strong>Cererem</strong></span> 
     </span>
     <span class='ocr_line' id='line_1_3' title="bbox 314 363 2673 424; baseline 0.004 -16"><span class='ocrx_word' id='word_1_14' title='bbox 314 363 558 422; x_wconf 82' lang='lat' dir='ltr'><strong>Europam</strong></span> <span class='ocrx_word' id='word_1_15' title='bbox 580 363 832 411; x_wconf 80' lang='lat' dir='ltr'><strong>Lebadeae</strong></span> <span class='ocrx_word' id='word_1_16' title='bbox 864 366 1149 411; x_wconf 90' lang='lat' dir='ltr'><strong>inuenimus.</strong></span> <span class='ocrx_word' id='word_1_17' title='bbox 1211 366 1305 410; x_wconf 89' lang='lat' dir='ltr'><strong>iam</strong></span> <span class='ocrx_word' id='word_1_18' title='bbox 1345 367 1706 413; x_wconf 89' lang='lat' dir='ltr'><strong>temerariumne</strong></span> <span class='ocrx_word' id='word_1_19' title='bbox 1743 370 1814 412; x_wconf 89' lang='lat' dir='ltr'><strong>est</strong></span> <span class='ocrx_word' id='word_1_20' title='bbox 1854 366 2098 424; x_wconf 90' lang='lat' dir='ltr'><strong>antiquam</strong></span> <span class='ocrx_word' id='word_1_21' title='bbox 2136 364 2328 413; x_wconf 85' lang='lat' dir='ltr'><strong>fabulae</strong></span> <span class='ocrx_word' id='word_1_22' title='bbox 2364 366 2565 417; x_wconf 87' lang='lat' dir='ltr'><strong>formam</strong></span> <span class='ocrx_word' id='word_1_23' title='bbox 2602 372 2673 417; x_wconf 88' lang='lat' dir='ltr'><strong>ita</strong></span> 
     </span>
     <span class='ocr_line' id='line_1_4' title="bbox 315 431 2672 493; baseline 0.003 -16"><span class='ocrx_word' id='word_1_24' title='bbox 315 431 595 479; x_wconf 78' lang='lat' dir='ltr'><strong>diuinando&#39;</strong></span> <span class='ocrx_word' id='word_1_25' title='bbox 625 437 871 479; x_wconf 78' lang='lat' dir='ltr'><strong>restituere</strong></span> <span class='ocrx_word' id='word_1_26' title='bbox 911 440 965 479; x_wconf 93' lang='lat' dir='ltr'><strong>ut</strong></span> <span class='ocrx_word' id='word_1_27' title='bbox 995 434 1235 491; x_wconf 84' lang='lat' dir='ltr'><strong>Europam</strong></span> <span class='ocrx_word' id='word_1_28' title='bbox 1277 447 1305 477; x_wconf 90' lang='lat' dir='ltr'><strong>a</strong></span> <span class='ocrx_word' id='word_1_29' title='bbox 1346 435 1460 479; x_wconf 89' lang='lat' dir='ltr'><strong>Ioue</strong></span> <span class='ocrx_word' id='word_1_30' title='bbox 1503 435 1702 488; x_wconf 86' lang='lat' dir='ltr'><strong>inferno,</strong></span> <span class='ocrx_word' id='word_1_31' title='bbox 1749 436 1808 480; x_wconf 89' lang='lat' dir='ltr'><strong>ab</strong></span> <span class='ocrx_word' id='word_1_32' title='bbox 1841 435 1961 480; x_wconf 86' lang='lat' dir='ltr'><strong>Orco</strong></span> <span class='ocrx_word' id='word_1_33' title='bbox 2003 437 2105 493; x_wconf 91' lang='lat' dir='ltr'><strong>rapi</strong></span> <span class='ocrx_word' id='word_1_34' title='bbox 2142 438 2415 493; x_wconf 77' lang='lat' dir='ltr'><strong>ponamus?</strong></span> <span class='ocrx_word' id='word_1_35' title='bbox 2476 439 2672 486; x_wconf 80' lang='lat' dir='ltr'><strong>obstant</strong></span> 
     </span>
     <span class='ocr_line' id='line_1_5' title="bbox 315 502 2672 562; baseline 0.003 -15"><span class='ocrx_word' id='word_1_36' title='bbox 315 517 437 560; x_wconf 90' lang='lat' dir='ltr'><strong>quae</strong></span> <span class='ocrx_word' id='word_1_37' title='bbox 484 502 541 548; x_wconf 89' lang='lat' dir='ltr'><strong>de</strong></span> <span class='ocrx_word' id='word_1_38' title='bbox 580 508 716 549; x_wconf 90' lang='lat' dir='ltr'><strong>tauro</strong></span> <span class='ocrx_word' id='word_1_39' title='bbox 763 518 889 549; x_wconf 88' lang='lat' dir='ltr'><strong>mare</strong></span> <span class='ocrx_word' id='word_1_40' title='bbox 929 508 1207 561; x_wconf 81' lang='lat' dir='ltr'><strong>pei-natante</strong></span> <span class='ocrx_word' id='word_1_41' title='bbox 1239 509 1509 549; x_wconf 88' lang='lat' dir='ltr'><strong>narrantur:</strong></span> <span class='ocrx_word' id='word_1_42' title='bbox 1558 504 1641 549; x_wconf 90' lang='lat' dir='ltr'><strong>sed</strong></span> <span class='ocrx_word' id='word_1_43' title='bbox 1685 505 1801 550; x_wconf 92' lang='lat' dir='ltr'><strong>haec</strong></span> <span class='ocrx_word' id='word_1_44' title='bbox 1845 504 1969 550; x_wconf 90' lang='lat' dir='ltr'><strong>alius</strong></span> <span class='ocrx_word' id='word_1_45' title='bbox 2013 510 2058 550; x_wconf 92' lang='lat' dir='ltr'><strong>et</strong></span> <span class='ocrx_word' id='word_1_46' title='bbox 2096 507 2295 551; x_wconf 85' lang='lat' dir='ltr'><strong>recentis</strong></span> <span class='ocrx_word' id='word_1_47' title='bbox 2338 507 2535 562; x_wconf 84' lang='lat' dir='ltr'><strong>originis</strong></span> <span class='ocrx_word' id='word_1_48' title='bbox 2567 523 2672 554; x_wconf 87' lang='lat' dir='ltr'><strong>esse</strong></span> 
     </span>
     <span class='ocr_line' id='line_1_6' title="bbox 315 572 660 619; baseline 0 -1"><span class='ocrx_word' id='word_1_49' title='bbox 315 572 439 618; x_wconf 89' lang='lat' dir='ltr'><strong>infra</strong></span> <span class='ocrx_word' id='word_1_50' title='bbox 469 572 660 619; x_wconf 85' lang='lat' dir='ltr'><strong>docebo.</strong></span> 
     </span>
    </p>

    <p class='ocr_par' dir='ltr' id='par_1_3' title="bbox 313 641 2711 2438">
     <span class='ocr_line' id='line_1_7' title="bbox 528 641 2670 702; baseline 0.001 -13"><span class='ocrx_word' id='word_1_51' title='bbox 528 643 620 689; x_wconf 85' lang='lat' dir='ltr'><strong>Sed</strong></span> <span class='ocrx_word' id='word_1_52' title='bbox 662 658 768 690; x_wconf 89' lang='lat' dir='ltr'><strong>eum</strong></span> <span class='ocrx_word' id='word_1_53' title='bbox 811 648 948 688; x_wconf 89' lang='lat' dir='ltr'><strong>uetus</strong></span> <span class='ocrx_word' id='word_1_54' title='bbox 996 656 1050 688; x_wconf 89' lang='lat' dir='ltr'><strong>ac</strong></span> <span class='ocrx_word' id='word_1_55' title='bbox 1090 641 1315 699; x_wconf 88' lang='lat' dir='ltr'><strong>religiosa</strong></span> <span class='ocrx_word' id='word_1_56' title='bbox 1361 643 1636 702; x_wconf 82' lang='lat' dir='ltr'><strong>superstitio</strong></span> <span class='ocrx_word' id='word_1_57' title='bbox 1673 650 1783 702; x_wconf 90' lang='lat' dir='ltr'><strong>post</strong></span> <span class='ocrx_word' id='word_1_58' title='bbox 1824 645 2130 701; x_wconf 83' lang='lat' dir='ltr'><strong>migrationes</strong></span> <span class='ocrx_word' id='word_1_59' title='bbox 2170 645 2366 691; x_wconf 88' lang='lat' dir='ltr'><strong>Doricas</strong></span> <span class='ocrx_word' id='word_1_60' title='bbox 2408 645 2670 696; x_wconf 78' lang='lat' dir='ltr'><strong>etlonicas</strong></span> 
     </span>
     <span class='ocr_line' id='line_1_8' title="bbox 315 713 2671 773; baseline 0.001 -15"><span class='ocrx_word' id='word_1_61' title='bbox 315 715 540 768; x_wconf 88' lang='lat' dir='ltr'><strong>gentibus</strong></span> <span class='ocrx_word' id='word_1_62' title='bbox 573 715 713 759; x_wconf 88' lang='lat' dir='ltr'><strong>nouis</strong></span> <span class='ocrx_word' id='word_1_63' title='bbox 745 728 802 759; x_wconf 86' lang='lat' dir='ltr'><strong>ex</strong></span> <span class='ocrx_word' id='word_1_64' title='bbox 844 714 1149 770; x_wconf 88' lang='lat' dir='ltr'><strong>antiquarum</strong></span> <span class='ocrx_word' id='word_1_65' title='bbox 1196 713 1446 761; x_wconf 80' lang='lat' dir='ltr'><strong>ruderibus</strong></span> <span class='ocrx_word' id='word_1_66' title='bbox 1487 716 1757 760; x_wconf 81' lang='lat' dir='ltr'><strong>commixtis</strong></span> <span class='ocrx_word' id='word_1_67' title='bbox 1795 719 1840 760; x_wconf 92' lang='lat' dir='ltr'><strong>et</strong></span> <span class='ocrx_word' id='word_1_68' title='bbox 1872 714 2091 760; x_wconf 86' lang='lat' dir='ltr'><strong>conflatis</strong></span> <span class='ocrx_word' id='word_1_69' title='bbox 2137 717 2290 771; x_wconf 84' lang='lat' dir='ltr'><strong>magis</strong></span> <span class='ocrx_word' id='word_1_70' title='bbox 2331 716 2580 773; x_wconf 80' lang='lat' dir='ltr'><strong>magisque</strong></span> <span class='ocrx_word' id='word_1_71' title='bbox 2621 717 2671 760; x_wconf 91' lang='lat' dir='ltr'><strong>in</strong></span> 
     </span>
     <span class='ocr_line' id='line_1_9' title="bbox 317 781 2668 841; baseline 0.001 -13"><span class='ocrx_word' id='word_1_72' title='bbox 317 782 567 829; x_wconf 82' lang='lat' dir='ltr'><strong>historiam</strong></span> <span class='ocrx_word' id='word_1_73' title='bbox 607 781 728 828; x_wconf 82' lang='lat' dir='ltr'><strong>laete</strong></span> <span class='ocrx_word' id='word_1_74' title='bbox 769 788 811 828; x_wconf 92' lang='lat' dir='ltr'><strong>et</strong></span> <span class='ocrx_word' id='word_1_75' title='bbox 850 783 993 828; x_wconf 89' lang='lat' dir='ltr'><strong>ubere</strong></span> <span class='ocrx_word' id='word_1_76' title='bbox 1034 782 1331 830; x_wconf 86' lang='lat' dir='ltr'><strong>fabulantem</strong></span> <span class='ocrx_word' id='word_1_77' title='bbox 1371 788 1776 837; x_wconf 82' lang='lat' dir='ltr'><strong>transmutaretur,</strong></span> <span class='ocrx_word' id='word_1_78' title='bbox 1824 798 1878 829; x_wconf 90' lang='lat' dir='ltr'><strong>ea</strong></span> <span class='ocrx_word' id='word_1_79' title='bbox 1909 798 2029 841; x_wconf 90' lang='lat' dir='ltr'><strong>quae</strong></span> <span class='ocrx_word' id='word_1_80' title='bbox 2060 783 2118 830; x_wconf 90' lang='lat' dir='ltr'><strong>de</strong></span> <span class='ocrx_word' id='word_1_81' title='bbox 2148 784 2430 832; x_wconf 84' lang='lat' dir='ltr'><strong>numinibus</strong></span> <span class='ocrx_word' id='word_1_82' title='bbox 2460 786 2668 830; x_wconf 90' lang='lat' dir='ltr'><strong>nomini—</strong></span> 
     </span>
     <span class='ocr_line' id='line_1_10' title="bbox 317 850 2711 910; baseline 0.002 -14"><span class='ocrx_word' id='word_1_83' title='bbox 317 852 503 909; x_wconf 85' lang='lat' dir='ltr'><strong>busque</strong></span> <span class='ocrx_word' id='word_1_84' title='bbox 543 852 738 897; x_wconf 86' lang='lat' dir='ltr'><strong>infernis</strong></span> <span class='ocrx_word' id='word_1_85' title='bbox 780 850 955 896; x_wconf 88' lang='lat' dir='ltr'><strong>tradita</strong></span> <span class='ocrx_word' id='word_1_86' title='bbox 988 856 1135 903; x_wconf 87' lang='lat' dir='ltr'><strong>erant,</strong></span> <span class='ocrx_word' id='word_1_87' title='bbox 1182 854 1231 897; x_wconf 90' lang='lat' dir='ltr'><strong>in</strong></span> <span class='ocrx_word' id='word_1_88' title='bbox 1274 866 1353 898; x_wconf 89' lang='lat' dir='ltr'><strong>eas</strong></span> <span class='ocrx_word' id='word_1_89' title='bbox 1394 855 1695 910; x_wconf 89' lang='lat' dir='ltr'><strong>potissimum</strong></span> <span class='ocrx_word' id='word_1_90' title='bbox 1739 859 1886 899; x_wconf 85' lang='lat' dir='ltr'><strong>terras</strong></span> <span class='ocrx_word' id='word_1_91' title='bbox 1925 853 2234 900; x_wconf 87' lang='lat' dir='ltr'><strong>barbarorum</strong></span> <span class='ocrx_word' id='word_1_92' title='bbox 2265 854 2672 901; x_wconf 86' lang='lat' dir='ltr'><strong>transferebantur</strong></span> <span class='ocrx_word' id='word_1_93' title='bbox 2709 889 2711 891; x_wconf 84' lang='grc'>-</span> 
     </span>
     <span class='ocr_line' id='line_1_11' title="bbox 318 920 2671 981; baseline 0.001 -15"><span class='ocrx_word' id='word_1_94' title='bbox 318 935 436 979; x_wconf 87' lang='lat' dir='ltr'><strong>quas</strong></span> <span class='ocrx_word' id='word_1_95' title='bbox 469 920 636 967; x_wconf 85' lang='lat' dir='ltr'><strong>Graeci</strong></span> <span class='ocrx_word' id='word_1_96' title='bbox 675 920 889 967; x_wconf 90' lang='lat' dir='ltr'><strong>aduenae</strong></span> <span class='ocrx_word' id='word_1_97' title='bbox 928 927 1279 980; x_wconf 88' lang='lat' dir='ltr'><strong>occupauerant</strong></span> <span class='ocrx_word' id='word_1_98' title='bbox 1317 928 1664 981; x_wconf 86' lang='lat' dir='ltr'><strong>occupatasque</strong></span> <span class='ocrx_word' id='word_1_99' title='bbox 1709 926 1811 970; x_wconf 83' lang='lat' dir='ltr'><strong>siue</strong></span> <span class='ocrx_word' id='word_1_100' title='bbox 1848 937 1930 981; x_wconf 89' lang='lat' dir='ltr'><strong>per</strong></span> <span class='ocrx_word' id='word_1_101' title='bbox 1973 922 2211 970; x_wconf 90' lang='lat' dir='ltr'><strong>bellorum</strong></span> <span class='ocrx_word' id='word_1_102' title='bbox 2253 922 2528 970; x_wconf 87' lang='lat' dir='ltr'><strong>discrimina</strong></span> <span class='ocrx_word' id='word_1_103' title='bbox 2568 924 2671 969; x_wconf 91' lang='lat' dir='ltr'><strong>siue</strong></span> 
     </span>
     <span class='ocr_line' id='line_1_12' title="bbox 315 991 2670 1051; baseline 0.002 -17"><span class='ocrx_word' id='word_1_104' title='bbox 315 1004 399 1048; x_wconf 88' lang='lat' dir='ltr'><strong>per</strong></span> <span class='ocrx_word' id='word_1_105' title='bbox 427 992 559 1048; x_wconf 86' lang='lat' dir='ltr'><strong>pacis</strong></span> <span class='ocrx_word' id='word_1_106' title='bbox 592 993 872 1036; x_wconf 86' lang='lat' dir='ltr'><strong>commercia</strong></span> <span class='ocrx_word' id='word_1_107' title='bbox 903 997 948 1036; x_wconf 55' lang='lat' dir='ltr'><strong>et.</strong></span> <span class='ocrx_word' id='word_1_108' title='bbox 979 992 1186 1037; x_wconf 86' lang='lat' dir='ltr'><strong>conubia</strong></span> <span class='ocrx_word' id='word_1_109' title='bbox 1212 993 1447 1038; x_wconf 89' lang='lat' dir='ltr'><strong>tenebant.</strong></span> <span class='ocrx_word' id='word_1_110' title='bbox 1491 1006 1643 1050; x_wconf 87' lang='lat' dir='ltr'><strong>pauca</strong></span> <span class='ocrx_word' id='word_1_111' title='bbox 1683 993 1899 1051; x_wconf 90' lang='lat' dir='ltr'><strong>exempla</strong></span> <span class='ocrx_word' id='word_1_112' title='bbox 1930 991 2178 1039; x_wconf 86' lang='lat' dir='ltr'><strong>sufficient.</strong></span> <span class='ocrx_word' id='word_1_113' title='bbox 2241 992 2480 1051; x_wconf 86' lang='lat' dir='ltr'><strong>Eurypyli</strong></span> <span class='ocrx_word' id='word_1_114' title='bbox 2511 993 2670 1051; x_wconf 89' lang='lat' dir='ltr'><strong>ipsum</strong></span> 
     </span>
     <span class='ocr_line' id='line_1_13' title="bbox 316 1059 2669 1119; baseline 0.002 -17"><span class='ocrx_word' id='word_1_115' title='bbox 316 1073 490 1103; x_wconf 88' lang='lat' dir='ltr'><strong>nomen</strong></span> <span class='ocrx_word' id='word_1_116' title='bbox 523 1059 682 1117; x_wconf 86' lang='lat' dir='ltr'><strong>prodit</strong></span> <span class='ocrx_word' id='word_1_117' title='bbox 713 1063 945 1116; x_wconf 88' lang='lat' dir='ltr'><strong>originem</strong></span> <span class='ocrx_word' id='word_1_118' title='bbox 978 1061 1223 1107; x_wconf 87' lang='lat' dir='ltr'><strong>infernam.</strong></span> <span class='ocrx_word' id='word_1_119' title='bbox 1286 1061 1529 1107; x_wconf 78' lang='lat' dir='ltr'><strong>colebatur</strong></span> <span class='ocrx_word' id='word_1_120' title='bbox 1560 1062 1715 1108; x_wconf 89' lang='lat' dir='ltr'><strong>Patris</strong></span> <span class='ocrx_word' id='word_1_121' title='bbox 1751 1062 1914 1118; x_wconf 72' lang='lat' dir='ltr'><strong>[Pane.</strong></span> <span class='ocrx_word' id='word_1_122' title='bbox 1950 1066 1989 1114; x_wconf 97' lang='lat'><strong>7,</strong></span> <span class='ocrx_word' id='word_1_123' title='bbox 2023 1061 2097 1117; x_wconf 85' lang='grc'><strong>191</strong></span> <span class='ocrx_word' id='word_1_124' title='bbox 2138 1075 2258 1119; x_wconf 87' lang='lat' dir='ltr'><strong>quae</strong></span> <span class='ocrx_word' id='word_1_125' title='bbox 2288 1061 2349 1107; x_wconf 89' lang='lat' dir='ltr'><strong>ad</strong></span> <span class='ocrx_word' id='word_1_126' title='bbox 2381 1060 2669 1107; x_wconf 88' lang='lat' dir='ltr'><strong>occidentem</strong></span> 
     </span>
     <span class='ocr_line' id='line_1_14' title="bbox 318 1127 2670 1188; baseline 0.001 -15"><span class='ocrx_word' id='word_1_127' title='bbox 318 1127 544 1173; x_wconf 80' lang='lat' dir='ltr'><strong>Graeciae</strong></span> <span class='ocrx_word' id='word_1_128' title='bbox 576 1131 693 1174; x_wconf 86' lang='lat' dir='ltr'><strong>sitae</strong></span> <span class='ocrx_word' id='word_1_129' title='bbox 734 1135 848 1174; x_wconf 91' lang='lat' dir='ltr'><strong>sunt</strong></span> <span class='ocrx_word' id='word_1_130' title='bbox 880 1132 1004 1175; x_wconf 87' lang='lat' dir='ltr'><strong>sieut</strong></span> <span class='ocrx_word' id='word_1_131' title='bbox 1036 1130 1204 1188; x_wconf 71' lang='lat' dir='ltr'><strong>Pylas.</strong></span> <span class='ocrx_word' id='word_1_132' title='bbox 1245 1132 1354 1175; x_wconf 84' lang='lat' dir='ltr'><strong>Orci</strong></span> <span class='ocrx_word' id='word_1_133' title='bbox 1393 1137 1552 1188; x_wconf 80' lang='lat' dir='ltr'><strong>porta:</strong></span> <span class='ocrx_word' id='word_1_134' title='bbox 1599 1146 1626 1176; x_wconf 88' lang='lat' dir='ltr'><strong>a</strong></span> <span class='ocrx_word' id='word_1_135' title='bbox 1668 1131 1915 1176; x_wconf 89' lang='lat' dir='ltr'><strong>nonnullis</strong></span> <span class='ocrx_word' id='word_1_136' title='bbox 1956 1131 2086 1177; x_wconf 89' lang='lat' dir='ltr'><strong>filius</strong></span> <span class='ocrx_word' id='word_1_137' title='bbox 2128 1131 2372 1177; x_wconf 89' lang='lat' dir='ltr'><strong>dicebatur</strong></span> <span class='ocrx_word' id='word_1_138' title='bbox 2409 1131 2670 1176; x_wconf 84' lang='lat' dir='ltr'><strong>Dexameni</strong></span> 
     </span>
     <span class='ocr_line' id='line_1_15' title="bbox 320 1198 2669 1258; baseline 0.001 -17"><span class='ocrx_word' id='word_1_139' title='bbox 320 1198 484 1252; x_wconf 73' lang='lat' dir='ltr'><strong>{Paus</strong></span> <span class='ocrx_word' id='word_1_140' title='bbox 520 1203 559 1247; x_wconf 83' lang='lat'><strong>7,</strong></span> <span class='ocrx_word' id='word_1_141' title='bbox 595 1204 661 1249; x_wconf 88' lang='grc'><strong>19,</strong></span> <span class='ocrx_word' id='word_1_142' title='bbox 694 1200 762 1253; x_wconf 89' lang='grc'><strong>91.</strong></span> <span class='ocrx_word' id='word_1_143' title='bbox 794 1202 876 1256; x_wconf 87' lang='lat' dir='ltr'><strong>qui</strong></span> <span class='ocrx_word' id='word_1_144' title='bbox 909 1206 953 1244; x_wconf 92' lang='lat' dir='ltr'><strong>et</strong></span> <span class='ocrx_word' id='word_1_145' title='bbox 986 1202 1087 1257; x_wconf 89' lang='lat' dir='ltr'><strong>ipse</strong></span> <span class='ocrx_word' id='word_1_146' title='bbox 1127 1201 1270 1245; x_wconf 89' lang='lat' dir='ltr'><strong>simul</strong></span> <span class='ocrx_word' id='word_1_147' title='bbox 1310 1215 1414 1244; x_wconf 84' lang='lat' dir='ltr'><strong>cum</strong></span> <span class='ocrx_word' id='word_1_148' title='bbox 1447 1200 1737 1244; x_wconf 85' lang='lat' dir='ltr'><strong>Dexamenis</strong></span> <span class='ocrx_word' id='word_1_149' title='bbox 1774 1201 1959 1258; x_wconf 83' lang='lat' dir='ltr'><strong>{Steph.</strong></span> <span class='ocrx_word' id='word_1_150' title='bbox 1992 1201 2105 1257; x_wconf 88' lang='lat' dir='ltr'><strong>Byz.</strong></span> <span class='ocrx_word' id='word_1_151' title='bbox 2138 1215 2181 1258; x_wconf 87' lang='lat' dir='ltr'><strong>p.</strong></span> <span class='ocrx_word' id='word_1_152' title='bbox 2215 1204 2314 1253; x_wconf 80' lang='grc'>225,</span> <span class='ocrx_word' id='word_1_153' title='bbox 2350 1200 2423 1254; x_wconf 83' lang='grc'><strong>101</strong></span> <span class='ocrx_word' id='word_1_154' title='bbox 2463 1201 2669 1246; x_wconf 89' lang='lat' dir='ltr'><strong>Ambra-</strong></span> 
     </span>
     <span class='ocr_line' id='line_1_16' title="bbox 316 1269 2672 1327; baseline -0.001 -15"><span class='ocrx_word' id='word_1_155' title='bbox 316 1269 415 1313; x_wconf 89' lang='lat' dir='ltr'><strong>ciae</strong></span> <span class='ocrx_word' id='word_1_156' title='bbox 445 1274 593 1325; x_wconf 87' lang='lat' dir='ltr'><strong>parte,</strong></span> <span class='ocrx_word' id='word_1_157' title='bbox 626 1274 775 1313; x_wconf 87' lang='lat' dir='ltr'><strong>terrae</strong></span> <span class='ocrx_word' id='word_1_158' title='bbox 808 1284 903 1313; x_wconf 92' lang='lat' dir='ltr'><strong>non</strong></span> <span class='ocrx_word' id='word_1_159' title='bbox 936 1272 1097 1314; x_wconf 90' lang='lat' dir='ltr'><strong>minus</strong></span> <span class='ocrx_word' id='word_1_160' title='bbox 1130 1284 1272 1327; x_wconf 89' lang='lat' dir='ltr'><strong>quam</strong></span> <span class='ocrx_word' id='word_1_161' title='bbox 1305 1269 1415 1314; x_wconf 89' lang='lat' dir='ltr'><strong>illae</strong></span> <span class='ocrx_word' id='word_1_162' title='bbox 1447 1269 1506 1313; x_wconf 91' lang='lat' dir='ltr'><strong>ad</strong></span> <span class='ocrx_word' id='word_1_163' title='bbox 1538 1269 1826 1314; x_wconf 89' lang='lat' dir='ltr'><strong>occidentem</strong></span> <span class='ocrx_word' id='word_1_164' title='bbox 1859 1273 1993 1322; x_wconf 90' lang='lat' dir='ltr'><strong>sitae,</strong></span> <span class='ocrx_word' id='word_1_165' title='bbox 2025 1284 2082 1315; x_wconf 87' lang='lat' dir='ltr'><strong>ex</strong></span> <span class='ocrx_word' id='word_1_166' title='bbox 2105 1270 2214 1315; x_wconf 87' lang='lat' dir='ltr'><strong>Orci</strong></span> <span class='ocrx_word' id='word_1_167' title='bbox 2244 1271 2526 1326; x_wconf 85' lang='lat' dir='ltr'><strong>cognomine</strong></span> <span class='ocrx_word' id='word_1_168' title='bbox 2556 1272 2672 1311; x_wconf 78' lang='grc' dir='ltr'>πολυ-</span> 
     </span>
     <span class='ocr_line' id='line_1_17' title="bbox 316 1338 2672 1397; baseline 0.002 -16"><span class='ocrx_word' id='word_1_169' title='bbox 316 1338 469 1394; x_wconf 78' lang='grc' dir='ltr'><strong>ὂὲγμων</strong></span> <span class='ocrx_word' id='word_1_170' title='bbox 501 1345 724 1397; x_wconf 81' lang='lat' dir='ltr'><strong>sumptus</strong></span> <span class='ocrx_word' id='word_1_171' title='bbox 766 1354 870 1384; x_wconf 88' lang='lat' dir='ltr'><strong>esse</strong></span> <span class='ocrx_word' id='word_1_172' title='bbox 910 1338 1110 1385; x_wconf 90' lang='lat' dir='ltr'><strong>uidetur.</strong></span> <span class='ocrx_word' id='word_1_173' title='bbox 1174 1339 1475 1397; x_wconf 80' lang='lat' dir='ltr'><strong>Eurypylum</strong></span> <span class='ocrx_word' id='word_1_174' title='bbox 1508 1339 1793 1385; x_wconf 88' lang='lat' dir='ltr'><strong>Thessalum</strong></span> <span class='ocrx_word' id='word_1_175' title='bbox 1827 1340 1945 1397; x_wconf 90' lang='lat' dir='ltr'><strong>Opis</strong></span> <span class='ocrx_word' id='word_1_176' title='bbox 1986 1340 2140 1386; x_wconf 90' lang='lat' dir='ltr'><strong>filium</strong></span> <span class='ocrx_word' id='word_1_177' title='bbox 2177 1341 2324 1386; x_wconf 90' lang='lat' dir='ltr'><strong>fuisse</strong></span> <span class='ocrx_word' id='word_1_178' title='bbox 2354 1342 2513 1386; x_wconf 89' lang='lat' dir='ltr'><strong>neseio</strong></span> <span class='ocrx_word' id='word_1_179' title='bbox 2546 1339 2672 1385; x_wconf 91' lang='lat' dir='ltr'><strong>unde</strong></span> 
     </span>
     <span class='ocr_line' id='line_1_18' title="bbox 316 1407 2667 1468; baseline 0.001 -16"><span class='ocrx_word' id='word_1_180' title='bbox 316 1407 542 1465; x_wconf 86' lang='lat' dir='ltr'><strong>Hyginus</strong></span> <span class='ocrx_word' id='word_1_181' title='bbox 590 1409 703 1463; x_wconf 73' lang='lat' dir='ltr'><strong>[tab.</strong></span> <span class='ocrx_word' id='word_1_182' title='bbox 738 1408 815 1462; x_wconf 75' lang='grc' dir='ltr'>9ῖ1</span> <span class='ocrx_word' id='word_1_183' title='bbox 863 1408 1095 1460; x_wconf 84' lang='lat' dir='ltr'><strong>hauserit,</strong></span> <span class='ocrx_word' id='word_1_184' title='bbox 1140 1414 1263 1452; x_wconf 84' lang='lat' dir='ltr'><strong>certe</strong></span> <span class='ocrx_word' id='word_1_185' title='bbox 1301 1407 1435 1453; x_wconf 90' lang='lat' dir='ltr'><strong>illum</strong></span> <span class='ocrx_word' id='word_1_186' title='bbox 1482 1408 1708 1466; x_wconf 78' lang='lat' dir='ltr'><strong>Dryopen</strong></span> <span class='ocrx_word' id='word_1_187' title='bbox 1748 1410 1973 1464; x_wconf 87' lang='lat' dir='ltr'><strong>genuisse</strong></span> <span class='ocrx_word' id='word_1_188' title='bbox 2017 1409 2203 1468; x_wconf 81' lang='lat' dir='ltr'><strong>[St-eph.</strong></span> <span class='ocrx_word' id='word_1_189' title='bbox 2237 1409 2349 1467; x_wconf 86' lang='lat' dir='ltr'><strong>Byz.</strong></span> <span class='ocrx_word' id='word_1_190' title='bbox 2384 1423 2426 1467; x_wconf 91' lang='lat' dir='ltr'><strong>p.</strong></span> <span class='ocrx_word' id='word_1_191' title='bbox 2453 1409 2559 1462; x_wconf 80' lang='grc'>239,</span> <span class='ocrx_word' id='word_1_192' title='bbox 2590 1409 2667 1464; x_wconf 83' lang='grc'><strong>251</strong></span> 
     </span>
     <span class='ocr_line' id='line_1_19' title="bbox 317 1477 2671 1536; baseline 0.002 -15"><span class='ocrx_word' id='word_1_193' title='bbox 317 1478 561 1522; x_wconf 87' lang='lat' dir='ltr'><strong>heroinam</strong></span> <span class='ocrx_word' id='word_1_194' title='bbox 596 1478 845 1521; x_wconf 89' lang='lat' dir='ltr'><strong>hominum</strong></span> <span class='ocrx_word' id='word_1_195' title='bbox 879 1479 961 1535; x_wconf 91' lang='lat' dir='ltr'><strong>qui</strong></span> <span class='ocrx_word' id='word_1_196' title='bbox 993 1491 1017 1520; x_wconf 91' lang='lat' dir='ltr'><strong>e</strong></span> <span class='ocrx_word' id='word_1_197' title='bbox 1043 1479 1296 1535; x_wconf 79' lang='lat' dir='ltr'><strong>quer-cibus</strong></span> <span class='ocrx_word' id='word_1_198' title='bbox 1329 1491 1525 1531; x_wconf 83' lang='lat' dir='ltr'><strong>creuere,</strong></span> <span class='ocrx_word' id='word_1_199' title='bbox 1559 1477 1688 1522; x_wconf 87' lang='lat' dir='ltr'><strong>haud</strong></span> <span class='ocrx_word' id='word_1_200' title='bbox 1720 1477 1913 1536; x_wconf 89' lang='lat' dir='ltr'><strong>illepide</strong></span> <span class='ocrx_word' id='word_1_201' title='bbox 1941 1481 2260 1535; x_wconf 87' lang='lat' dir='ltr'><strong>excogitatum</strong></span> <span class='ocrx_word' id='word_1_202' title='bbox 2288 1483 2371 1525; x_wconf 89' lang='lat' dir='ltr'><strong>est.</strong></span> <span class='ocrx_word' id='word_1_203' title='bbox 2434 1480 2528 1525; x_wconf 87' lang='lat' dir='ltr'><strong>iam</strong></span> <span class='ocrx_word' id='word_1_204' title='bbox 2560 1492 2671 1525; x_wconf 91' lang='lat' dir='ltr'><strong>uero</strong></span> 
     </span>
     <span class='ocr_line' id='line_1_20' title="bbox 318 1546 2671 1605; baseline 0.001 -14"><span class='ocrx_word' id='word_1_205' title='bbox 318 1547 598 1605; x_wconf 74' lang='lat' dir='ltr'><strong>Eurypylus</strong></span> <span class='ocrx_word' id='word_1_206' title='bbox 631 1546 804 1590; x_wconf 76' lang='lat' dir='ltr'><strong>dieitur</strong></span> <span class='ocrx_word' id='word_1_207' title='bbox 835 1561 914 1590; x_wconf 84' lang='lat' dir='ltr'><strong>rex</strong></span> <span class='ocrx_word' id='word_1_208' title='bbox 933 1547 1182 1605; x_wconf 88' lang='lat' dir='ltr'><strong>Meropum</strong></span> <span class='ocrx_word' id='word_1_209' title='bbox 1201 1547 1312 1591; x_wconf 90' lang='lat' dir='ltr'><strong>Cois</strong></span> <span class='ocrx_word' id='word_1_210' title='bbox 1346 1548 1531 1592; x_wconf 88' lang='lat' dir='ltr'><strong>insulae</strong></span> <span class='ocrx_word' id='word_1_211' title='bbox 1564 1547 1894 1603; x_wconf 83' lang='lat' dir='ltr'><strong>indigenarum</strong></span> <span class='ocrx_word' id='word_1_212' title='bbox 1917 1561 2121 1605; x_wconf 88' lang='lat' dir='ltr'><strong>quocum</strong></span> <span class='ocrx_word' id='word_1_213' title='bbox 2143 1547 2385 1599; x_wconf 87' lang='lat' dir='ltr'><strong>Hercules,</strong></span> <span class='ocrx_word' id='word_1_214' title='bbox 2417 1547 2671 1593; x_wconf 88' lang='lat' dir='ltr'><strong>Dorienses</strong></span> 
     </span>
     <span class='ocr_line' id='line_1_21' title="bbox 318 1615 2669 1673; baseline 0 -13"><span class='ocrx_word' id='word_1_215' title='bbox 318 1616 497 1661; x_wconf 85' lang='lat' dir='ltr'><strong>seilicet</strong></span> <span class='ocrx_word' id='word_1_216' title='bbox 514 1617 683 1661; x_wconf 85' lang='lat' dir='ltr'><strong>Asiani</strong></span> <span class='ocrx_word' id='word_1_217' title='bbox 705 1615 1124 1670; x_wconf 82' lang='lat' dir='ltr'><strong>lef.Wilamowitz.</strong></span> <span class='ocrx_word' id='word_1_218' title='bbox 1145 1616 1279 1671; x_wconf 88' lang='lat' dir='ltr'><strong>Isyll.</strong></span> <span class='ocrx_word' id='word_1_219' title='bbox 1311 1631 1354 1673; x_wconf 91' lang='lat' dir='ltr'><strong>p.</strong></span> <span class='ocrx_word' id='word_1_220' title='bbox 1375 1616 1468 1670; x_wconf 74' lang='grc'>511,</span> <span class='ocrx_word' id='word_1_221' title='bbox 1500 1622 1683 1673; x_wconf 85' lang='lat' dir='ltr'><strong>pugnat</strong></span> <span class='ocrx_word' id='word_1_222' title='bbox 1726 1615 1783 1671; x_wconf 77' lang='grc' dir='ltr'><strong>ΙΒ</strong></span> <span class='ocrx_word' id='word_1_223' title='bbox 1814 1620 1896 1661; x_wconf 94' lang='lat'><strong>677</strong></span> <span class='ocrx_word' id='word_1_224' title='bbox 1916 1631 1952 1660; x_wconf 88' lang='lat' dir='ltr'><strong>e.</strong></span> <span class='ocrx_word' id='word_1_225' title='bbox 1971 1616 2139 1662; x_wconf 89' lang='lat' dir='ltr'><strong>scholl.</strong></span> <span class='ocrx_word' id='word_1_226' title='bbox 2173 1617 2320 1662; x_wconf 82' lang='lat' dir='ltr'><strong>schol.</strong></span> <span class='ocrx_word' id='word_1_227' title='bbox 2353 1617 2486 1661; x_wconf 75' lang='lat'>3255</span> <span class='ocrx_word' id='word_1_228' title='bbox 2522 1617 2669 1661; x_wconf 81' lang='lat' dir='ltr'><strong>schol.</strong></span> 
     </span>
     <span class='ocr_line' id='line_1_22' title="bbox 318 1683 2669 1745; baseline 0 -14"><span class='ocrx_word' id='word_1_229' title='bbox 318 1685 452 1731; x_wconf 87' lang='lat' dir='ltr'><strong>Pind.</strong></span> <span class='ocrx_word' id='word_1_230' title='bbox 476 1686 605 1730; x_wconf 83' lang='lat' dir='ltr'><strong>Nem.</strong></span> <span class='ocrx_word' id='word_1_231' title='bbox 625 1690 666 1734; x_wconf 98' lang='grc'><strong>4,</strong></span> <span class='ocrx_word' id='word_1_232' title='bbox 684 1690 740 1729; x_wconf 59' lang='lat' dir='ltr'><strong>alt)</strong></span> <span class='ocrx_word' id='word_1_233' title='bbox 772 1683 997 1742; x_wconf 80' lang='lat' dir='ltr'><strong>Apollod.</strong></span> <span class='ocrx_word' id='word_1_234' title='bbox 1017 1685 1132 1730; x_wconf 90' lang='lat' dir='ltr'><strong>bibl.</strong></span> <span class='ocrx_word' id='word_1_235' title='bbox 1160 1685 1204 1729; x_wconf 89' lang='grc' dir='ltr'><strong>ΙΙ</strong></span> <span class='ocrx_word' id='word_1_236' title='bbox 1225 1690 1264 1737; x_wconf 90' lang='lat'><strong>7,</strong></span> <span class='ocrx_word' id='word_1_237' title='bbox 1287 1690 1323 1734; x_wconf 85' lang='lat'><strong>1.</strong></span> <span class='ocrx_word' id='word_1_238' title='bbox 1342 1690 1368 1730; x_wconf 91' lang='grc'>2</span> <span class='ocrx_word' id='word_1_239' title='bbox 1400 1684 1546 1729; x_wconf 75' lang='lat' dir='ltr'><strong>schol.</strong></span> <span class='ocrx_word' id='word_1_240' title='bbox 1567 1685 1795 1730; x_wconf 84' lang='lat' dir='ltr'><strong>Theocrit.</strong></span> <span class='ocrx_word' id='word_1_241' title='bbox 1817 1690 1856 1735; x_wconf 84' lang='lat'><strong>7,</strong></span> <span class='ocrx_word' id='word_1_242' title='bbox 1884 1690 1912 1729; x_wconf 77' lang='lat'>5</span> <span class='ocrx_word' id='word_1_243' title='bbox 1944 1685 2082 1731; x_wconf 90' lang='lat' dir='ltr'><strong>Ouid.</strong></span> <span class='ocrx_word' id='word_1_244' title='bbox 2104 1693 2210 1730; x_wconf 88' lang='lat' dir='ltr'><strong>met.</strong></span> <span class='ocrx_word' id='word_1_245' title='bbox 2231 1691 2270 1738; x_wconf 90' lang='lat'><strong>7,</strong></span> <span class='ocrx_word' id='word_1_246' title='bbox 2288 1686 2413 1740; x_wconf 86' lang='grc'>3631,</span> <span class='ocrx_word' id='word_1_247' title='bbox 2445 1687 2669 1745; x_wconf 86' lang='lat' dir='ltr'><strong>Eurypy-</strong></span> 
     </span>
     <span class='ocr_line' id='line_1_23' title="bbox 316 1754 2669 1814; baseline 0 -13"><span class='ocrx_word' id='word_1_248' title='bbox 316 1757 393 1801; x_wconf 87' lang='lat' dir='ltr'><strong>lus</strong></span> <span class='ocrx_word' id='word_1_249' title='bbox 427 1762 495 1800; x_wconf 88' lang='lat' dir='ltr'><strong>est</strong></span> <span class='ocrx_word' id='word_1_250' title='bbox 528 1756 715 1812; x_wconf 84' lang='lat' dir='ltr'><strong>Mysiae</strong></span> <span class='ocrx_word' id='word_1_251' title='bbox 748 1771 827 1799; x_wconf 89' lang='lat' dir='ltr'><strong>rex</strong></span> <span class='ocrx_word' id='word_1_252' title='bbox 861 1757 942 1812; x_wconf 87' lang='lat' dir='ltr'><strong>qui</strong></span> <span class='ocrx_word' id='word_1_253' title='bbox 968 1754 1203 1801; x_wconf 85' lang='lat' dir='ltr'><strong>Troianos</strong></span> <span class='ocrx_word' id='word_1_254' title='bbox 1236 1771 1263 1800; x_wconf 89' lang='lat' dir='ltr'><strong>a</strong></span> <span class='ocrx_word' id='word_1_255' title='bbox 1297 1756 1488 1800; x_wconf 79' lang='lat' dir='ltr'><strong>Graecis</strong></span> <span class='ocrx_word' id='word_1_256' title='bbox 1521 1755 1720 1801; x_wconf 88' lang='lat' dir='ltr'><strong>aduenis</strong></span> <span class='ocrx_word' id='word_1_257' title='bbox 1753 1756 1962 1801; x_wconf 83' lang='lat' dir='ltr'><strong>defendit</strong></span> <span class='ocrx_word' id='word_1_258' title='bbox 1997 1757 2073 1811; x_wconf 83' lang='lat' dir='ltr'><strong>[cf.</strong></span> <span class='ocrx_word' id='word_1_259' title='bbox 2102 1756 2236 1801; x_wconf 90' lang='lat' dir='ltr'><strong>Iliad.</strong></span> <span class='ocrx_word' id='word_1_260' title='bbox 2269 1770 2402 1814; x_wconf 90' lang='lat' dir='ltr'><strong>paru.</strong></span> <span class='ocrx_word' id='word_1_261' title='bbox 2437 1770 2508 1814; x_wconf 90' lang='lat' dir='ltr'><strong>ap.</strong></span> <span class='ocrx_word' id='word_1_262' title='bbox 2528 1757 2669 1802; x_wconf 89' lang='lat' dir='ltr'><strong>Paus.</strong></span> 
     </span>
     <span class='ocr_line' id='line_1_24' title="bbox 318 1824 2673 1884; baseline 0.001 -13"><span class='ocrx_word' id='word_1_263' title='bbox 318 1831 358 1874; x_wconf 82' lang='lat'><strong>3.</strong></span> <span class='ocrx_word' id='word_1_264' title='bbox 392 1831 462 1877; x_wconf 90' lang='grc'>26,</span> <span class='ocrx_word' id='word_1_265' title='bbox 494 1831 520 1871; x_wconf 83' lang='grc'>9</span> <span class='ocrx_word' id='word_1_266' title='bbox 552 1829 574 1867; x_wconf 84' lang='grc' dir='ltr'>λ</span> <span class='ocrx_word' id='word_1_267' title='bbox 606 1829 692 1870; x_wconf 76' lang='grc'>520</span> <span class='ocrx_word' id='word_1_268' title='bbox 737 1824 888 1869; x_wconf 86' lang='grc' dir='ltr'>Ρι·ο(·1.</span> <span class='ocrx_word' id='word_1_269' title='bbox 937 1824 1104 1870; x_wconf 78' lang='lat' dir='ltr'><strong>ehi-est.</strong></span> <span class='ocrx_word' id='word_1_270' title='bbox 1153 1827 1247 1871; x_wconf 90' lang='lat' dir='ltr'><strong>tab.</strong></span> <span class='ocrx_word' id='word_1_271' title='bbox 1291 1825 1416 1870; x_wconf 84' lang='lat' dir='ltr'><strong>Iliae.</strong></span> <span class='ocrx_word' id='word_1_272' title='bbox 1461 1827 1606 1884; x_wconf 73' lang='lat' dir='ltr'><strong>Soph.</strong></span> <span class='ocrx_word' id='word_1_273' title='bbox 1654 1827 1736 1881; x_wconf 83' lang='lat' dir='ltr'><strong>frg.</strong></span> <span class='ocrx_word' id='word_1_274' title='bbox 1779 1831 1861 1871; x_wconf 87' lang='lat'><strong>768</strong></span> <span class='ocrx_word' id='word_1_275' title='bbox 1907 1827 2102 1871; x_wconf 89' lang='lat' dir='ltr'><strong>Aristot.</strong></span> <span class='ocrx_word' id='word_1_276' title='bbox 2137 1832 2260 1884; x_wconf 89' lang='lat' dir='ltr'><strong>poet.</strong></span> <span class='ocrx_word' id='word_1_277' title='bbox 2291 1830 2347 1871; x_wconf 85' lang='lat'><strong>23</strong></span> <span class='ocrx_word' id='word_1_278' title='bbox 2384 1841 2427 1883; x_wconf 92' lang='lat' dir='ltr'><strong>p.</strong></span> <span class='ocrx_word' id='word_1_279' title='bbox 2465 1828 2613 1873; x_wconf 81' lang='lat' dir='ltr'><strong>1459b</strong></span> <span class='ocrx_word' id='word_1_280' title='bbox 2646 1832 2673 1872; x_wconf 83' lang='lat'>6</span> 
     </span>
     <span class='ocr_line' id='line_1_25' title="bbox 318 1893 2672 1954; baseline 0 -13"><span class='ocrx_word' id='word_1_281' title='bbox 318 1902 370 1941; x_wconf 90' lang='lat' dir='ltr'><strong>ut</strong></span> <span class='ocrx_word' id='word_1_282' title='bbox 412 1897 694 1952; x_wconf 82' lang='lat' dir='ltr'><strong>posteriores</strong></span> <span class='ocrx_word' id='word_1_283' title='bbox 737 1896 967 1943; x_wconf 81' lang='lat' dir='ltr'><strong>omittam.</strong></span> <span class='ocrx_word' id='word_1_284' title='bbox 1010 1900 1249 1951; x_wconf 87' lang='lat' dir='ltr'><strong>praeterea</strong></span> <span class='ocrx_word' id='word_1_285' title='bbox 1291 1896 1554 1952; x_wconf 76' lang='lat' dir='ltr'><strong>inspiciatis</strong></span> <span class='ocrx_word' id='word_1_286' title='bbox 1588 1893 1853 1940; x_wconf 84' lang='lat' dir='ltr'><strong>Wilamow.</strong></span> <span class='ocrx_word' id='word_1_287' title='bbox 1888 1894 2019 1953; x_wconf 87' lang='lat' dir='ltr'><strong>Isyll.</strong></span> <span class='ocrx_word' id='word_1_288' title='bbox 2055 1910 2098 1953; x_wconf 88' lang='lat' dir='ltr'><strong>p.</strong></span> <span class='ocrx_word' id='word_1_289' title='bbox 2133 1895 2229 1950; x_wconf 88' lang='grc'>481,</span> <span class='ocrx_word' id='word_1_290' title='bbox 2276 1895 2335 1941; x_wconf 92' lang='lat' dir='ltr'><strong>ad</strong></span> <span class='ocrx_word' id='word_1_291' title='bbox 2368 1895 2672 1954; x_wconf 85' lang='lat' dir='ltr'><strong>Eurypylum</strong></span> 
     </span>
     <span class='ocr_line' id='line_1_26' title="bbox 313 1959 2673 2023; baseline 0 -12"><span class='ocrx_word' id='word_1_292' title='bbox 313 1959 522 2023; x_wconf 50' lang='lat' dir='ltr'><strong>&#39;denique</strong></span> <span class='ocrx_word' id='word_1_293' title='bbox 554 1981 710 2020; x_wconf 80' lang='lat' dir='ltr'><strong>regem</strong></span> <span class='ocrx_word' id='word_1_294' title='bbox 744 1966 1036 2021; x_wconf 78' lang='lat' dir='ltr'><strong>Cyrenarum</strong></span> <span class='ocrx_word' id='word_1_295' title='bbox 1069 1964 1344 2021; x_wconf 84' lang='lat' dir='ltr'><strong>indigenam</strong></span> <span class='ocrx_word' id='word_1_296' title='bbox 1378 1967 1509 2010; x_wconf 85' lang='lat' dir='ltr'><strong>uenit</strong></span> <span class='ocrx_word' id='word_1_297' title='bbox 1541 1965 1722 2021; x_wconf 79' lang='lat' dir='ltr'><strong>Cyrene</strong></span> <span class='ocrx_word' id='word_1_298' title='bbox 1754 1966 1969 2023; x_wconf 87' lang='lat' dir='ltr'><strong>nympha</strong></span> <span class='ocrx_word' id='word_1_299' title='bbox 2005 1964 2214 2021; x_wconf 78' lang='lat' dir='ltr'><strong>[Gallim.</strong></span> <span class='ocrx_word' id='word_1_300' title='bbox 2239 1965 2403 2023; x_wconf 89' lang='lat' dir='ltr'><strong>hymn.</strong></span> <span class='ocrx_word' id='word_1_301' title='bbox 2436 1965 2597 2023; x_wconf 84' lang='lat' dir='ltr'><strong>Apoll.</strong></span> <span class='ocrx_word' id='word_1_302' title='bbox 2617 1971 2673 2012; x_wconf 86' lang='grc'><strong>92</strong></span> 
     </span>
     <span class='ocr_line' id='line_1_27' title="bbox 320 2034 2672 2093; baseline 0 -13"><span class='ocrx_word' id='word_1_303' title='bbox 320 2034 551 2082; x_wconf 82' lang='lat' dir='ltr'><strong>Aeesand.</strong></span> <span class='ocrx_word' id='word_1_304' title='bbox 588 2037 634 2080; x_wconf 91' lang='lat' dir='ltr'><strong>in</strong></span> <span class='ocrx_word' id='word_1_305' title='bbox 669 2034 815 2079; x_wconf 78' lang='lat' dir='ltr'><strong>schol.</strong></span> <span class='ocrx_word' id='word_1_306' title='bbox 851 2034 1010 2092; x_wconf 82' lang='lat' dir='ltr'><strong>Apoll.</strong></span> <span class='ocrx_word' id='word_1_307' title='bbox 1045 2035 1156 2090; x_wconf 83' lang='lat' dir='ltr'><strong>Arg.</strong></span> <span class='ocrx_word' id='word_1_308' title='bbox 1191 2038 1232 2086; x_wconf 90' lang='grc'><strong>2,</strong></span> <span class='ocrx_word' id='word_1_309' title='bbox 1263 2039 1360 2080; x_wconf 86' lang='grc'>498.</span> <span class='ocrx_word' id='word_1_310' title='bbox 1394 2038 1435 2084; x_wconf 87' lang='grc'><strong>4,</strong></span> <span class='ocrx_word' id='word_1_311' title='bbox 1471 2035 1621 2089; x_wconf 74' lang='grc'>15611.</span> <span class='ocrx_word' id='word_1_312' title='bbox 1668 2035 1757 2079; x_wconf 90' lang='lat' dir='ltr'><strong>sub</strong></span> <span class='ocrx_word' id='word_1_313' title='bbox 1790 2034 2027 2093; x_wconf 84' lang='lat' dir='ltr'><strong>Eurypyli</strong></span> <span class='ocrx_word' id='word_1_314' title='bbox 2067 2037 2221 2093; x_wconf 83' lang='lat' dir='ltr'><strong>specie</strong></span> <span class='ocrx_word' id='word_1_315' title='bbox 2253 2036 2516 2088; x_wconf 74' lang='lat' dir='ltr'><strong>AristanS,</strong></span> <span class='ocrx_word' id='word_1_316' title='bbox 2555 2034 2672 2081; x_wconf 87' lang='lat' dir='ltr'><strong>deus</strong></span> 
     </span>
     <span class='ocr_line' id='line_1_28' title="bbox 322 2103 2673 2163; baseline 0 -13"><span class='ocrx_word' id='word_1_317' title='bbox 322 2106 501 2161; x_wconf 79' lang='lat' dir='ltr'><strong>Libyae</strong></span> <span class='ocrx_word' id='word_1_318' title='bbox 532 2104 767 2162; x_wconf 75' lang='lat' dir='ltr'><strong>pecudum</strong></span> <span class='ocrx_word' id='word_1_319' title='bbox 806 2103 973 2148; x_wconf 84' lang='lat' dir='ltr'><strong>fertilis</strong></span> <span class='ocrx_word' id='word_1_320' title='bbox 1001 2104 1159 2159; x_wconf 67' lang='lat' dir='ltr'><strong>wind.</strong></span> <span class='ocrx_word' id='word_1_321' title='bbox 1195 2104 1335 2160; x_wconf 87' lang='lat' dir='ltr'><strong>Pyth.</strong></span> <span class='ocrx_word' id='word_1_322' title='bbox 1370 2108 1410 2155; x_wconf 91' lang='grc'><strong>4,</strong></span> <span class='ocrx_word' id='word_1_323' title='bbox 1447 2107 1502 2149; x_wconf 91' lang='grc'><strong>28</strong></span> <span class='ocrx_word' id='word_1_324' title='bbox 1535 2119 1602 2161; x_wconf 86' lang='lat' dir='ltr'><strong>sq.</strong></span> <span class='ocrx_word' id='word_1_325' title='bbox 1636 2105 1689 2148; x_wconf 86' lang='lat' dir='ltr'><strong>cf.</strong></span> <span class='ocrx_word' id='word_1_326' title='bbox 1724 2103 2033 2157; x_wconf 79' lang='lat' dir='ltr'><strong>Studniezka,</strong></span> <span class='ocrx_word' id='word_1_327' title='bbox 2065 2103 2257 2161; x_wconf 89' lang='lat' dir='ltr'><strong>Kyrene</strong></span> <span class='ocrx_word' id='word_1_328' title='bbox 2288 2119 2331 2162; x_wconf 84' lang='lat' dir='ltr'><strong>p.</strong></span> <span class='ocrx_word' id='word_1_329' title='bbox 2355 2108 2436 2149; x_wconf 78' lang='grc' dir='ltr'>1οῑ)</span> <span class='ocrx_word' id='word_1_330' title='bbox 2467 2105 2559 2163; x_wconf 61' lang='lat' dir='ltr'><strong>sq]</strong></span> <span class='ocrx_word' id='word_1_331' title='bbox 2596 2104 2673 2151; x_wconf 89' lang='lat' dir='ltr'><strong>uel</strong></span> 
     </span>
     <span class='ocr_line' id='line_1_29' title="bbox 317 2173 2673 2232; baseline -0 -11"><span class='ocrx_word' id='word_1_332' title='bbox 317 2175 446 2221; x_wconf 87' lang='lat' dir='ltr'><strong>Trito</strong></span> <span class='ocrx_word' id='word_1_333' title='bbox 483 2174 666 2232; x_wconf 82' lang='lat' dir='ltr'><strong>lApoll.</strong></span> <span class='ocrx_word' id='word_1_334' title='bbox 702 2175 809 2228; x_wconf 76' lang='lat' dir='ltr'><strong>Arg.</strong></span> <span class='ocrx_word' id='word_1_335' title='bbox 837 2178 878 2224; x_wconf 90' lang='grc'>4,</span> <span class='ocrx_word' id='word_1_336' title='bbox 915 2174 1133 2232; x_wconf 68' lang='lat' dir='ltr'><strong>15:31qu</strong></span> <span class='ocrx_word' id='word_1_337' title='bbox 1172 2174 1420 2231; x_wconf 89' lang='lat' dir='ltr'><strong>Euphemo</strong></span> <span class='ocrx_word' id='word_1_338' title='bbox 1447 2173 1774 2219; x_wconf 83' lang='lat' dir='ltr'><strong>Battiadarum</strong></span> <span class='ocrx_word' id='word_1_339' title='bbox 1809 2189 1897 2219; x_wconf 87' lang='lat' dir='ltr'><strong>auo</strong></span> <span class='ocrx_word' id='word_1_340' title='bbox 1929 2173 2118 2229; x_wconf 87' lang='lat' dir='ltr'><strong>glebam</strong></span> <span class='ocrx_word' id='word_1_341' title='bbox 2150 2173 2283 2220; x_wconf 90' lang='lat' dir='ltr'><strong>illam</strong></span> <span class='ocrx_word' id='word_1_342' title='bbox 2316 2173 2412 2226; x_wconf 87' lang='lat' dir='ltr'><strong>dat,</strong></span> <span class='ocrx_word' id='word_1_343' title='bbox 2444 2181 2497 2220; x_wconf 92' lang='lat' dir='ltr'><strong>ut</strong></span> <span class='ocrx_word' id='word_1_344' title='bbox 2526 2181 2673 2221; x_wconf 86' lang='lat' dir='ltr'><strong>terrae</strong></span> 
     </span>
     <span class='ocr_line' id='line_1_30' title="bbox 318 2243 2675 2301; baseline 0 -12"><span class='ocrx_word' id='word_1_345' title='bbox 318 2245 527 2301; x_wconf 87' lang='lat' dir='ltr'><strong>Libycae</strong></span> <span class='ocrx_word' id='word_1_346' title='bbox 559 2245 800 2301; x_wconf 77' lang='lat' dir='ltr'><strong>possessio</strong></span> <span class='ocrx_word' id='word_1_347' title='bbox 833 2243 1047 2298; x_wconf 87' lang='lat' dir='ltr'><strong>legitima</strong></span> <span class='ocrx_word' id='word_1_348' title='bbox 1079 2243 1371 2299; x_wconf 84' lang='lat' dir='ltr'><strong>Cyrenarum</strong></span> <span class='ocrx_word' id='word_1_349' title='bbox 1416 2243 1605 2297; x_wconf 88' lang='lat' dir='ltr'><strong>regibus</strong></span> <span class='ocrx_word' id='word_1_350' title='bbox 1648 2243 1707 2287; x_wconf 88' lang='lat' dir='ltr'><strong>ab</strong></span> <span class='ocrx_word' id='word_1_351' title='bbox 1752 2244 1856 2300; x_wconf 92' lang='lat' dir='ltr'><strong>ipso</strong></span> <span class='ocrx_word' id='word_1_352' title='bbox 1899 2248 2048 2288; x_wconf 89' lang='lat' dir='ltr'><strong>terrae</strong></span> <span class='ocrx_word' id='word_1_353' title='bbox 2091 2244 2286 2288; x_wconf 89' lang='lat' dir='ltr'><strong>numine</strong></span> <span class='ocrx_word' id='word_1_354' title='bbox 2317 2258 2541 2289; x_wconf 87' lang='lat' dir='ltr'><strong>concessa</strong></span> <span class='ocrx_word' id='word_1_355' title='bbox 2572 2258 2675 2289; x_wconf 88' lang='lat' dir='ltr'><strong>esse</strong></span> 
     </span>
     <span class='ocr_line' id='line_1_31' title="bbox 318 2312 2677 2370; baseline -0 -11"><span class='ocrx_word' id='word_1_356' title='bbox 318 2314 558 2359; x_wconf 89' lang='lat' dir='ltr'><strong>uideatur:</strong></span> <span class='ocrx_word' id='word_1_357' title='bbox 594 2313 708 2357; x_wconf 89' lang='lat' dir='ltr'><strong>olim</strong></span> <span class='ocrx_word' id='word_1_358' title='bbox 742 2315 866 2358; x_wconf 89' lang='lat' dir='ltr'><strong>enim</strong></span> <span class='ocrx_word' id='word_1_359' title='bbox 900 2313 1205 2370; x_wconf 81' lang='lat' dir='ltr'><strong>Eurypylum</strong></span> <span class='ocrx_word' id='word_1_360' title='bbox 1239 2315 1395 2370; x_wconf 89' lang='lat' dir='ltr'><strong>ipsum</strong></span> <span class='ocrx_word' id='word_1_361' title='bbox 1427 2312 1616 2367; x_wconf 84' lang='lat' dir='ltr'><strong>glebam</strong></span> <span class='ocrx_word' id='word_1_362' title='bbox 1650 2312 1868 2362; x_wconf 87' lang='lat' dir='ltr'><strong>donasse,</strong></span> <span class='ocrx_word' id='word_1_363' title='bbox 1900 2318 2066 2369; x_wconf 86' lang='lat' dir='ltr'><strong>postea</strong></span> <span class='ocrx_word' id='word_1_364' title='bbox 2096 2326 2203 2357; x_wconf 87' lang='lat' dir='ltr'><strong>eum</strong></span> <span class='ocrx_word' id='word_1_365' title='bbox 2236 2313 2473 2370; x_wconf 88' lang='lat' dir='ltr'><strong>Eurypyli</strong></span> <span class='ocrx_word' id='word_1_366' title='bbox 2505 2320 2677 2358; x_wconf 89' lang='lat' dir='ltr'><strong>natura</strong></span> 
     </span>
     <span class='ocr_line' id='line_1_32' title="bbox 318 2380 2601 2438; baseline -0.001 -9"><span class='ocrx_word' id='word_1_367' title='bbox 318 2399 414 2429; x_wconf 90' lang='lat' dir='ltr'><strong>non</strong></span> <span class='ocrx_word' id='word_1_368' title='bbox 448 2385 541 2428; x_wconf 87' lang='lat' dir='ltr'><strong>iam</strong></span> <span class='ocrx_word' id='word_1_369' title='bbox 575 2382 940 2437; x_wconf 86' lang='lat' dir='ltr'><strong>intellegeretur,</strong></span> <span class='ocrx_word' id='word_1_370' title='bbox 973 2382 1094 2428; x_wconf 89' lang='lat' dir='ltr'><strong>alios</strong></span> <span class='ocrx_word' id='word_1_371' title='bbox 1128 2381 1240 2426; x_wconf 87' lang='lat' dir='ltr'><strong>deos</strong></span> <span class='ocrx_word' id='word_1_372' title='bbox 1275 2384 1316 2426; x_wconf 90' lang='lat' dir='ltr'><strong>ei</strong></span> <span class='ocrx_word' id='word_1_373' title='bbox 1349 2383 1637 2427; x_wconf 85' lang='lat' dir='ltr'><strong>substitutos</strong></span> <span class='ocrx_word' id='word_1_374' title='bbox 1670 2396 1787 2431; x_wconf 86' lang='lat' dir='ltr'><strong>esse,</strong></span> <span class='ocrx_word' id='word_1_375' title='bbox 1820 2382 1937 2426; x_wconf 90' lang='lat' dir='ltr'><strong>mihi</strong></span> <span class='ocrx_word' id='word_1_376' title='bbox 1970 2380 2159 2438; x_wconf 89' lang='lat' dir='ltr'><strong>quidem</strong></span> <span class='ocrx_word' id='word_1_377' title='bbox 2192 2388 2368 2427; x_wconf 86' lang='lat' dir='ltr'><strong>certum</strong></span> <span class='ocrx_word' id='word_1_378' title='bbox 2401 2381 2601 2427; x_wconf 83' lang='lat' dir='ltr'><strong>uidetur.</strong></span> 
     </span>
    </p>

    <p class='ocr_par' dir='ltr' id='par_1_4' title="bbox 317 2451 2677 3340">
     <span class='ocr_line' id='line_1_33' title="bbox 526 2451 2673 2509; baseline 0 -13"><span class='ocrx_word' id='word_1_379' title='bbox 526 2453 767 2509; x_wconf 85' lang='lat' dir='ltr'><strong>Europam</strong></span> <span class='ocrx_word' id='word_1_380' title='bbox 802 2454 1075 2497; x_wconf 88' lang='lat' dir='ltr'><strong>inuenimus</strong></span> <span class='ocrx_word' id='word_1_381' title='bbox 1115 2453 1313 2497; x_wconf 83' lang='lat' dir='ltr'><strong>inurbe</strong></span> <span class='ocrx_word' id='word_1_382' title='bbox 1346 2452 1644 2497; x_wconf 85' lang='lat' dir='ltr'><strong>Orchomeno</strong></span> <span class='ocrx_word' id='word_1_383' title='bbox 1679 2452 1975 2507; x_wconf 84' lang='lat' dir='ltr'><strong>Minyarum:</strong></span> <span class='ocrx_word' id='word_1_384' title='bbox 2016 2451 2250 2497; x_wconf 84' lang='lat' dir='ltr'><strong>Athamas</strong></span> <span class='ocrx_word' id='word_1_385' title='bbox 2283 2451 2555 2508; x_wconf 82' lang='lat' dir='ltr'><strong>Minyarum</strong></span> <span class='ocrx_word' id='word_1_386' title='bbox 2595 2467 2673 2497; x_wconf 87' lang='lat' dir='ltr'><strong>rex</strong></span> 
     </span>
     <span class='ocr_line' id='line_1_34' title="bbox 317 2520 2676 2582; baseline 0 -15"><span class='ocrx_word' id='word_1_387' title='bbox 317 2522 475 2567; x_wconf 53' lang='lat' dir='ltr'><strong>Teum*</strong></span> <span class='ocrx_word' id='word_1_388' title='bbox 497 2520 767 2566; x_wconf 84' lang='lat' dir='ltr'><strong>condidisse</strong></span> <span class='ocrx_word' id='word_1_389' title='bbox 799 2522 943 2566; x_wconf 85' lang='lat' dir='ltr'><strong>fertur</strong></span> <span class='ocrx_word' id='word_1_390' title='bbox 978 2521 1257 2578; x_wconf 75' lang='lat' dir='ltr'><strong>[Pherecyd.</strong></span> <span class='ocrx_word' id='word_1_391' title='bbox 1298 2535 1370 2578; x_wconf 87' lang='lat' dir='ltr'><strong>ap.</strong></span> <span class='ocrx_word' id='word_1_392' title='bbox 1405 2520 1552 2565; x_wconf 79' lang='lat' dir='ltr'><strong>schol.</strong></span> <span class='ocrx_word' id='word_1_393' title='bbox 1588 2520 1709 2566; x_wconf 85' lang='lat' dir='ltr'><strong>Plat.</strong></span> <span class='ocrx_word' id='word_1_394' title='bbox 1743 2520 1996 2578; x_wconf 85' lang='lat' dir='ltr'><strong>Hippareh.</strong></span> <span class='ocrx_word' id='word_1_395' title='bbox 2030 2535 2072 2578; x_wconf 92' lang='lat' dir='ltr'><strong>p.</strong></span> <span class='ocrx_word' id='word_1_396' title='bbox 2093 2520 2216 2566; x_wconf 78' lang='lat' dir='ltr'><strong>229d</strong></span> <span class='ocrx_word' id='word_1_397' title='bbox 2239 2520 2391 2582; x_wconf 82' lang='lat' dir='ltr'><strong>Strab.</strong></span> <span class='ocrx_word' id='word_1_398' title='bbox 2430 2526 2481 2566; x_wconf 88' lang='grc'><strong>14</strong></span> <span class='ocrx_word' id='word_1_399' title='bbox 2513 2536 2555 2579; x_wconf 92' lang='lat' dir='ltr'><strong>p.</strong></span> <span class='ocrx_word' id='word_1_400' title='bbox 2591 2525 2676 2567; x_wconf 87' lang='lat'><strong>633</strong></span> 
     </span>
     <span class='ocr_line' id='line_1_35' title="bbox 318 2589 2674 2648; baseline -0.001 -11"><span class='ocrx_word' id='word_1_401' title='bbox 318 2593 459 2637; x_wconf 71' lang='lat' dir='ltr'><strong>Paris,</strong></span> <span class='ocrx_word' id='word_1_402' title='bbox 486 2596 525 2643; x_wconf 91' lang='lat'><strong>7,</strong></span> <span class='ocrx_word' id='word_1_403' title='bbox 548 2596 588 2642; x_wconf 86' lang='lat'><strong>3,</strong></span> <span class='ocrx_word' id='word_1_404' title='bbox 611 2591 678 2645; x_wconf 85' lang='grc'><strong>61,</strong></span> <span class='ocrx_word' id='word_1_405' title='bbox 711 2591 918 2647; x_wconf 85' lang='lat' dir='ltr'><strong>Erginus</strong></span> <span class='ocrx_word' id='word_1_406' title='bbox 942 2591 1288 2636; x_wconf 85' lang='lat' dir='ltr'><strong>Orchomenius</strong></span> <span class='ocrx_word' id='word_1_407' title='bbox 1323 2593 1489 2635; x_wconf 89' lang='lat' dir='ltr'><strong>iterum</strong></span> <span class='ocrx_word' id='word_1_408' title='bbox 1524 2592 1682 2635; x_wconf 87' lang='lat' dir='ltr'><strong>extitit</strong></span> <span class='ocrx_word' id='word_1_409' title='bbox 1713 2589 1865 2635; x_wconf 90' lang='lat' dir='ltr'><strong>Mileti</strong></span> <span class='ocrx_word' id='word_1_410' title='bbox 1903 2590 2084 2648; x_wconf 75' lang='lat' dir='ltr'><strong>[Apoll.</strong></span> <span class='ocrx_word' id='word_1_411' title='bbox 2106 2591 2217 2647; x_wconf 85' lang='lat' dir='ltr'><strong>Arg.</strong></span> <span class='ocrx_word' id='word_1_412' title='bbox 2255 2595 2291 2643; x_wconf 92' lang='lat'><strong>1,</strong></span> <span class='ocrx_word' id='word_1_413' title='bbox 2326 2594 2408 2636; x_wconf 78' lang='lat'><strong>185</strong></span> <span class='ocrx_word' id='word_1_414' title='bbox 2438 2606 2473 2635; x_wconf 88' lang='lat' dir='ltr'><strong>e.</strong></span> <span class='ocrx_word' id='word_1_415' title='bbox 2508 2590 2674 2637; x_wconf 87' lang='lat' dir='ltr'><strong>scholl.</strong></span> 
     </span>
     <span class='ocr_line' id='line_1_36' title="bbox 319 2659 2676 2718; baseline -0 -12"><span class='ocrx_word' id='word_1_416' title='bbox 319 2661 494 2718; x_wconf 84' lang='lat' dir='ltr'><strong>Hygin.</strong></span> <span class='ocrx_word' id='word_1_417' title='bbox 539 2661 631 2714; x_wconf 87' lang='grc'>141,</span> <span class='ocrx_word' id='word_1_418' title='bbox 680 2660 870 2716; x_wconf 82' lang='lat' dir='ltr'><strong>Minyas</strong></span> <span class='ocrx_word' id='word_1_419' title='bbox 918 2663 1215 2715; x_wconf 87' lang='lat' dir='ltr'><strong>migrationis</strong></span> <span class='ocrx_word' id='word_1_420' title='bbox 1260 2661 1447 2705; x_wconf 85' lang='lat' dir='ltr'><strong>Ionicae</strong></span> <span class='ocrx_word' id='word_1_421' title='bbox 1482 2661 1737 2716; x_wconf 87' lang='lat' dir='ltr'><strong>participes</strong></span> <span class='ocrx_word' id='word_1_422' title='bbox 1785 2661 1931 2704; x_wconf 85' lang='lat' dir='ltr'><strong>fuisse</strong></span> <span class='ocrx_word' id='word_1_423' title='bbox 1962 2659 2231 2705; x_wconf 86' lang='lat' dir='ltr'><strong>Herodotus</strong></span> <span class='ocrx_word' id='word_1_424' title='bbox 2268 2661 2331 2714; x_wconf 94' lang='grc'><strong>11,</strong></span> <span class='ocrx_word' id='word_1_425' title='bbox 2362 2660 2464 2714; x_wconf 82' lang='grc'>1461</span> <span class='ocrx_word' id='word_1_426' title='bbox 2515 2666 2676 2705; x_wconf 82' lang='lat' dir='ltr'><strong>auctor</strong></span> 
     </span>
     <span class='ocr_line' id='line_1_37' title="bbox 318 2728 2674 2787; baseline -0 -12"><span class='ocrx_word' id='word_1_427' title='bbox 318 2737 400 2776; x_wconf 88' lang='lat' dir='ltr'><strong>est.</strong></span> <span class='ocrx_word' id='word_1_428' title='bbox 464 2731 678 2776; x_wconf 85' lang='lat' dir='ltr'><strong>Cererem</strong></span> <span class='ocrx_word' id='word_1_429' title='bbox 711 2729 952 2787; x_wconf 86' lang='lat' dir='ltr'><strong>Europam</strong></span> <span class='ocrx_word' id='word_1_430' title='bbox 976 2729 1224 2776; x_wconf 88' lang='lat' dir='ltr'><strong>Lebadeae</strong></span> <span class='ocrx_word' id='word_1_431' title='bbox 1257 2729 1350 2775; x_wconf 89' lang='lat' dir='ltr'><strong>coli</strong></span> <span class='ocrx_word' id='word_1_432' title='bbox 1389 2728 1613 2780; x_wconf 88' lang='lat' dir='ltr'><strong>uidimus,</strong></span> <span class='ocrx_word' id='word_1_433' title='bbox 1652 2729 1710 2774; x_wconf 84' lang='lat' dir='ltr'><strong>ab</strong></span> <span class='ocrx_word' id='word_1_434' title='bbox 1744 2728 1832 2774; x_wconf 86' lang='lat' dir='ltr'><strong>hae</strong></span> <span class='ocrx_word' id='word_1_435' title='bbox 1872 2744 1982 2775; x_wconf 91' lang='lat' dir='ltr'><strong>uero</strong></span> <span class='ocrx_word' id='word_1_436' title='bbox 2016 2728 2238 2775; x_wconf 88' lang='lat' dir='ltr'><strong>Lebadea</strong></span> <span class='ocrx_word' id='word_1_437' title='bbox 2268 2728 2513 2775; x_wconf 87' lang='lat' dir='ltr'><strong>Lebedum</strong></span> <span class='ocrx_word' id='word_1_438' title='bbox 2544 2729 2674 2775; x_wconf 88' lang='lat' dir='ltr'><strong>Ioni-</strong></span> 
     </span>
     <span class='ocr_line' id='line_1_38' title="bbox 318 2797 2674 2857; baseline -0.001 -12"><span class='ocrx_word' id='word_1_439' title='bbox 318 2815 421 2846; x_wconf 86' lang='lat' dir='ltr'><strong>eam</strong></span> <span class='ocrx_word' id='word_1_440' title='bbox 454 2802 663 2857; x_wconf 87' lang='lat' dir='ltr'><strong>separari</strong></span> <span class='ocrx_word' id='word_1_441' title='bbox 695 2814 790 2844; x_wconf 92' lang='lat' dir='ltr'><strong>non</strong></span> <span class='ocrx_word' id='word_1_442' title='bbox 824 2813 965 2856; x_wconf 85' lang='lat' dir='ltr'><strong>posse</strong></span> <span class='ocrx_word' id='word_1_443' title='bbox 996 2805 1042 2844; x_wconf 86' lang='lat' dir='ltr'><strong>et</strong></span> <span class='ocrx_word' id='word_1_444' title='bbox 1072 2814 1247 2846; x_wconf 91' lang='lat' dir='ltr'><strong>nomen</strong></span> <span class='ocrx_word' id='word_1_445' title='bbox 1280 2799 1414 2845; x_wconf 88' lang='lat' dir='ltr'><strong>docet</strong></span> <span class='ocrx_word' id='word_1_446' title='bbox 1445 2805 1489 2843; x_wconf 88' lang='lat' dir='ltr'><strong>et</strong></span> <span class='ocrx_word' id='word_1_447' title='bbox 1524 2797 1895 2855; x_wconf 86' lang='lat' dir='ltr'><strong>Andropompus</strong></span> <span class='ocrx_word' id='word_1_448' title='bbox 1929 2798 2146 2844; x_wconf 82' lang='lat' dir='ltr'><strong>eonditor</strong></span> <span class='ocrx_word' id='word_1_449' title='bbox 2181 2797 2356 2853; x_wconf 79' lang='lat' dir='ltr'><strong>[Sti-ab.</strong></span> <span class='ocrx_word' id='word_1_450' title='bbox 2395 2802 2446 2842; x_wconf 88' lang='lat'><strong>14</strong></span> <span class='ocrx_word' id='word_1_451' title='bbox 2476 2813 2519 2855; x_wconf 91' lang='lat' dir='ltr'><strong>p.</strong></span> <span class='ocrx_word' id='word_1_452' title='bbox 2552 2798 2674 2852; x_wconf 83' lang='grc'>6331.</span> 
     </span>
     <span class='ocr_line' id='line_1_39' title="bbox 319 2866 2675 2926; baseline -0.002 -10"><span class='ocrx_word' id='word_1_453' title='bbox 319 2868 719 2926; x_wconf 82' lang='lat' dir='ltr'><strong>Andropompum</strong></span> <span class='ocrx_word' id='word_1_454' title='bbox 753 2870 877 2914; x_wconf 90' lang='lat' dir='ltr'><strong>enim</strong></span> <span class='ocrx_word' id='word_1_455' title='bbox 921 2883 1028 2914; x_wconf 88' lang='lat' dir='ltr'><strong>cum</strong></span> <span class='ocrx_word' id='word_1_456' title='bbox 1060 2867 1260 2915; x_wconf 91' lang='lat' dir='ltr'><strong>Xantho</strong></span> <span class='ocrx_word' id='word_1_457' title='bbox 1294 2868 1582 2915; x_wconf 88' lang='lat' dir='ltr'><strong>Boeotorum</strong></span> <span class='ocrx_word' id='word_1_458' title='bbox 1620 2881 1724 2922; x_wconf 88' lang='lat' dir='ltr'><strong>rege</strong></span> <span class='ocrx_word' id='word_1_459' title='bbox 1764 2881 1846 2924; x_wconf 87' lang='lat' dir='ltr'><strong>per</strong></span> <span class='ocrx_word' id='word_1_460' title='bbox 1888 2866 2089 2913; x_wconf 88' lang='lat' dir='ltr'><strong>insidias</strong></span> <span class='ocrx_word' id='word_1_461' title='bbox 2128 2881 2371 2925; x_wconf 88' lang='lat' dir='ltr'><strong>pugnasse</strong></span> <span class='ocrx_word' id='word_1_462' title='bbox 2410 2866 2675 2913; x_wconf 88' lang='lat' dir='ltr'><strong>Pausanias</strong></span> 
     </span>
     <span class='ocr_line' id='line_1_40' title="bbox 323 2935 2675 2997; baseline -0 -13"><span class='ocrx_word' id='word_1_463' title='bbox 323 2940 386 2995; x_wconf 89' lang='grc'><strong>19,</strong></span> <span class='ocrx_word' id='word_1_464' title='bbox 418 2942 458 2993; x_wconf 77' lang='lat'><strong>5,</strong></span> <span class='ocrx_word' id='word_1_465' title='bbox 494 2939 569 2994; x_wconf 88' lang='grc'><strong>161</strong></span> <span class='ocrx_word' id='word_1_466' title='bbox 606 2939 757 2991; x_wconf 80' lang='lat' dir='ltr'><strong>refert,</strong></span> <span class='ocrx_word' id='word_1_467' title='bbox 805 2952 949 2996; x_wconf 86' lang='lat' dir='ltr'><strong>quam</strong></span> <span class='ocrx_word' id='word_1_468' title='bbox 986 2951 1198 2997; x_wconf 89' lang='lat' dir='ltr'><strong>pugnam</strong></span> <span class='ocrx_word' id='word_1_469' title='bbox 1239 2953 1335 2985; x_wconf 89' lang='lat' dir='ltr'><strong>non</strong></span> <span class='ocrx_word' id='word_1_470' title='bbox 1384 2936 1620 2983; x_wconf 85' lang='lat' dir='ltr'><strong>diuersam</strong></span> <span class='ocrx_word' id='word_1_471' title='bbox 1662 2951 1765 2982; x_wconf 87' lang='lat' dir='ltr'><strong>esse</strong></span> <span class='ocrx_word' id='word_1_472' title='bbox 1805 2942 2000 2995; x_wconf 89' lang='lat' dir='ltr'><strong>apparet</strong></span> <span class='ocrx_word' id='word_1_473' title='bbox 2040 2937 2098 2984; x_wconf 89' lang='lat' dir='ltr'><strong>ab</strong></span> <span class='ocrx_word' id='word_1_474' title='bbox 2138 2951 2191 2983; x_wconf 89' lang='lat' dir='ltr'><strong>ea</strong></span> <span class='ocrx_word' id='word_1_475' title='bbox 2223 2952 2365 2996; x_wconf 88' lang='lat' dir='ltr'><strong>quam</strong></span> <span class='ocrx_word' id='word_1_476' title='bbox 2397 2935 2675 2983; x_wconf 90' lang='lat' dir='ltr'><strong>Melanthus</strong></span> 
     </span>
     <span class='ocr_line' id='line_1_41' title="bbox 320 3006 2674 3067; baseline -0.001 -12"><span class='ocrx_word' id='word_1_477' title='bbox 320 3009 652 3067; x_wconf 83' lang='lat' dir='ltr'><strong>Andropompi</strong></span> <span class='ocrx_word' id='word_1_478' title='bbox 692 3008 822 3053; x_wconf 90' lang='lat' dir='ltr'><strong>filius</strong></span> <span class='ocrx_word' id='word_1_479' title='bbox 860 3008 1022 3064; x_wconf 78' lang='lat' dir='ltr'><strong>lPaiis.</strong></span> <span class='ocrx_word' id='word_1_480' title='bbox 1057 3013 1098 3058; x_wconf 92' lang='grc'><strong>2,</strong></span> <span class='ocrx_word' id='word_1_481' title='bbox 1133 3013 1199 3061; x_wconf 89' lang='grc'><strong>18,</strong></span> <span class='ocrx_word' id='word_1_482' title='bbox 1231 3013 1257 3055; x_wconf 91' lang='grc'>8</span> <span class='ocrx_word' id='word_1_483' title='bbox 1290 3007 1437 3054; x_wconf 84' lang='lat' dir='ltr'><strong>schol.</strong></span> <span class='ocrx_word' id='word_1_484' title='bbox 1470 3007 1591 3053; x_wconf 89' lang='lat' dir='ltr'><strong>Plat.</strong></span> <span class='ocrx_word' id='word_1_485' title='bbox 1616 3020 1751 3052; x_wconf 85' lang='lat' dir='ltr'><strong>conu.</strong></span> <span class='ocrx_word' id='word_1_486' title='bbox 1786 3021 1828 3064; x_wconf 89' lang='lat' dir='ltr'><strong>p.</strong></span> <span class='ocrx_word' id='word_1_487' title='bbox 1849 3011 1932 3053; x_wconf 81' lang='grc'><strong>208</strong></span> <span class='ocrx_word' id='word_1_488' title='bbox 1951 3006 2003 3062; x_wconf 86' lang='lat' dir='ltr'><strong>dl</strong></span> <span class='ocrx_word' id='word_1_489' title='bbox 2039 3022 2147 3053; x_wconf 89' lang='lat' dir='ltr'><strong>cum</strong></span> <span class='ocrx_word' id='word_1_490' title='bbox 2178 3006 2342 3054; x_wconf 91' lang='lat' dir='ltr'><strong>eodem</strong></span> <span class='ocrx_word' id='word_1_491' title='bbox 2359 3007 2558 3053; x_wconf 87' lang='lat' dir='ltr'><strong>Xantho</strong></span> <span class='ocrx_word' id='word_1_492' title='bbox 2590 3022 2674 3064; x_wconf 93' lang='lat' dir='ltr'><strong>pro</strong></span> 
     </span>
     <span class='ocr_line' id='line_1_42' title="bbox 320 3076 2675 3134; baseline -0 -11"><span class='ocrx_word' id='word_1_493' title='bbox 320 3079 481 3124; x_wconf 90' lang='lat' dir='ltr'><strong>Oenoe</strong></span> <span class='ocrx_word' id='word_1_494' title='bbox 515 3081 617 3123; x_wconf 90' lang='lat' dir='ltr'><strong>siue</strong></span> <span class='ocrx_word' id='word_1_495' title='bbox 649 3077 882 3123; x_wconf 83' lang='lat' dir='ltr'><strong>Melaenis</strong></span> <span class='ocrx_word' id='word_1_496' title='bbox 914 3080 1150 3134; x_wconf 86' lang='lat' dir='ltr'><strong>pugnauit</strong></span> <span class='ocrx_word' id='word_1_497' title='bbox 1185 3078 1261 3134; x_wconf 77' lang='lat' dir='ltr'><strong>[cf.</strong></span> <span class='ocrx_word' id='word_1_498' title='bbox 1295 3077 1455 3122; x_wconf 82' lang='lat' dir='ltr'><strong>Maass</strong></span> <span class='ocrx_word' id='word_1_499' title='bbox 1488 3081 1603 3132; x_wconf 75' lang='lat' dir='ltr'><strong>gott.</strong></span> <span class='ocrx_word' id='word_1_500' title='bbox 1637 3076 1727 3131; x_wconf 87' lang='lat' dir='ltr'><strong>gel.</strong></span> <span class='ocrx_word' id='word_1_501' title='bbox 1748 3077 1865 3122; x_wconf 69' lang='grc' dir='ltr'>ΑΗΖ.</span> <span class='ocrx_word' id='word_1_502' title='bbox 1894 3080 2004 3123; x_wconf 89' lang='grc'>1889</span> <span class='ocrx_word' id='word_1_503' title='bbox 2030 3090 2074 3134; x_wconf 90' lang='lat' dir='ltr'><strong>p.</strong></span> <span class='ocrx_word' id='word_1_504' title='bbox 2094 3077 2216 3131; x_wconf 77' lang='grc'>8051.</span> <span class='ocrx_word' id='word_1_505' title='bbox 2280 3078 2488 3123; x_wconf 89' lang='lat' dir='ltr'><strong>iamuero</strong></span> <span class='ocrx_word' id='word_1_506' title='bbox 2521 3076 2675 3122; x_wconf 90' lang='lat' dir='ltr'><strong>Leba-</strong></span> 
     </span>
     <span class='ocr_line' id='line_1_43' title="bbox 319 3145 2676 3205; baseline -0 -13"><span class='ocrx_word' id='word_1_507' title='bbox 319 3147 409 3192; x_wconf 89' lang='lat' dir='ltr'><strong>dus</strong></span> <span class='ocrx_word' id='word_1_508' title='bbox 442 3154 487 3192; x_wconf 88' lang='lat' dir='ltr'><strong>et</strong></span> <span class='ocrx_word' id='word_1_509' title='bbox 520 3148 763 3194; x_wconf 89' lang='lat' dir='ltr'><strong>Eleuther.</strong></span> <span class='ocrx_word' id='word_1_510' title='bbox 810 3161 1078 3204; x_wconf 85' lang='lat' dir='ltr'><strong>eponymus</strong></span> <span class='ocrx_word' id='word_1_511' title='bbox 1112 3147 1275 3205; x_wconf 90' lang='lat' dir='ltr'><strong>oppidi</strong></span> <span class='ocrx_word' id='word_1_512' title='bbox 1310 3147 1499 3191; x_wconf 83' lang='lat' dir='ltr'><strong>Oeneae</strong></span> <span class='ocrx_word' id='word_1_513' title='bbox 1537 3147 1697 3197; x_wconf 89' lang='lat' dir='ltr'><strong>uicini,</strong></span> <span class='ocrx_word' id='word_1_514' title='bbox 1745 3147 1907 3190; x_wconf 84' lang='lat' dir='ltr'><strong>fratres</strong></span> <span class='ocrx_word' id='word_1_515' title='bbox 1941 3145 2165 3191; x_wconf 88' lang='lat' dir='ltr'><strong>dicuntur</strong></span> <span class='ocrx_word' id='word_1_516' title='bbox 2195 3148 2244 3191; x_wconf 90' lang='lat' dir='ltr'><strong>in</strong></span> <span class='ocrx_word' id='word_1_517' title='bbox 2277 3161 2331 3191; x_wconf 92' lang='lat' dir='ltr'><strong>ea</strong></span> <span class='ocrx_word' id='word_1_518' title='bbox 2362 3145 2526 3192; x_wconf 86' lang='lat' dir='ltr'><strong>fabula</strong></span> <span class='ocrx_word' id='word_1_519' title='bbox 2557 3160 2676 3203; x_wconf 88' lang='lat' dir='ltr'><strong>quac</strong></span> 
     </span>
     <span class='ocr_line' id='line_1_44' title="bbox 320 3215 2677 3272; baseline -0 -11"><span class='ocrx_word' id='word_1_520' title='bbox 320 3232 347 3261; x_wconf 84' lang='lat' dir='ltr'><strong>a</strong></span> <span class='ocrx_word' id='word_1_521' title='bbox 388 3217 645 3263; x_wconf 88' lang='lat' dir='ltr'><strong>Plutarcho</strong></span> <span class='ocrx_word' id='word_1_522' title='bbox 680 3218 729 3261; x_wconf 93' lang='lat' dir='ltr'><strong>in</strong></span> <span class='ocrx_word' id='word_1_523' title='bbox 763 3218 916 3262; x_wconf 87' lang='lat' dir='ltr'><strong>Aetiis</strong></span> <span class='ocrx_word' id='word_1_524' title='bbox 960 3216 1150 3262; x_wconf 86' lang='lat' dir='ltr'><strong>Graecis</strong></span> <span class='ocrx_word' id='word_1_525' title='bbox 1197 3216 1297 3272; x_wconf 84' lang='grc'>1391</span> <span class='ocrx_word' id='word_1_526' title='bbox 1345 3215 1608 3265; x_wconf 84' lang='lat' dir='ltr'><strong>adhibetur,</strong></span> <span class='ocrx_word' id='word_1_527' title='bbox 1656 3229 1750 3272; x_wconf 88' lang='lat' dir='ltr'><strong>qua</strong></span> <span class='ocrx_word' id='word_1_528' title='bbox 1789 3215 1846 3260; x_wconf 91' lang='lat' dir='ltr'><strong>de</strong></span> <span class='ocrx_word' id='word_1_529' title='bbox 1892 3228 2036 3260; x_wconf 88' lang='lat' dir='ltr'><strong>eausa</strong></span> <span class='ocrx_word' id='word_1_530' title='bbox 2072 3215 2319 3261; x_wconf 88' lang='lat' dir='ltr'><strong>Lebadum</strong></span> <span class='ocrx_word' id='word_1_531' title='bbox 2367 3230 2394 3260; x_wconf 93' lang='lat' dir='ltr'><strong>a</strong></span> <span class='ocrx_word' id='word_1_532' title='bbox 2436 3216 2677 3260; x_wconf 86' lang='lat' dir='ltr'><strong>Pausania</strong></span> 
     </span>
     <span class='ocr_line' id='line_1_45' title="bbox 323 3284 2677 3340; baseline -0.001 -10"><span class='ocrx_word' id='word_1_533' title='bbox 323 3287 385 3340; x_wconf 84' lang='grc'><strong>19,</strong></span> <span class='ocrx_word' id='word_1_534' title='bbox 418 3290 488 3336; x_wconf 85' lang='grc'>39,</span> <span class='ocrx_word' id='word_1_535' title='bbox 524 3286 568 3339; x_wconf 95' lang='grc'><strong>11</strong></span> <span class='ocrx_word' id='word_1_536' title='bbox 605 3286 948 3330; x_wconf 80' lang='lat' dir='ltr'><strong>Atheniensem</strong></span> <span class='ocrx_word' id='word_1_537' title='bbox 982 3285 1160 3330; x_wconf 90' lang='lat' dir='ltr'><strong>dictum</strong></span> <span class='ocrx_word' id='word_1_538' title='bbox 1205 3299 1308 3329; x_wconf 87' lang='lat' dir='ltr'><strong>esse</strong></span> <span class='ocrx_word' id='word_1_539' title='bbox 1349 3284 1634 3329; x_wconf 87' lang='lat' dir='ltr'><strong>crediderim.</strong></span> <span class='ocrx_word' id='word_1_540' title='bbox 1698 3284 1814 3328; x_wconf 89' lang='lat' dir='ltr'><strong>haee</strong></span> <span class='ocrx_word' id='word_1_541' title='bbox 1854 3297 1912 3327; x_wconf 88' lang='lat' dir='ltr'><strong>ne</strong></span> <span class='ocrx_word' id='word_1_542' title='bbox 1950 3289 2050 3328; x_wconf 91' lang='lat' dir='ltr'><strong>tum</strong></span> <span class='ocrx_word' id='word_1_543' title='bbox 2091 3284 2282 3340; x_wconf 90' lang='lat' dir='ltr'><strong>quidem</strong></span> <span class='ocrx_word' id='word_1_544' title='bbox 2321 3289 2538 3329; x_wconf 86' lang='lat' dir='ltr'><strong>corruent</strong></span> <span class='ocrx_word' id='word_1_545' title='bbox 2569 3298 2677 3328; x_wconf 91' lang='lat' dir='ltr'><strong>cum</strong></span> 
     </span>
    </p>
   </div>
   <div class='ocr_carea' id='block_1_3' title="bbox 246 3350 2678 3412">
    <p class='ocr_par' dir='ltr' id='par_1_5' title="bbox 246 3350 2678 3412">
     <span class='ocr_line' id='line_1_46' title="bbox 246 3350 2678 3412; baseline 0 -15"><span class='ocrx_word' id='word_1_546' title='bbox 246 3408 249 3409; x_wconf 16' lang='lat'><em>⁷</em></span> <span class='ocrx_word' id='word_1_547' title='bbox 320 3357 426 3411; x_wconf 87' lang='lat' dir='ltr'><strong>quis</strong></span> <span class='ocrx_word' id='word_1_548' title='bbox 471 3354 554 3398; x_wconf 93' lang='lat' dir='ltr'><strong>illo</strong></span> <span class='ocrx_word' id='word_1_549' title='bbox 597 3355 866 3398; x_wconf 88' lang='lat' dir='ltr'><strong>Pausaniae</strong></span> <span class='ocrx_word' id='word_1_550' title='bbox 897 3354 1001 3398; x_wconf 92' lang='lat' dir='ltr'><strong>loeo</strong></span> <span class='ocrx_word' id='word_1_551' title='bbox 1043 3368 1127 3412; x_wconf 90' lang='lat' dir='ltr'><strong>pro</strong></span> <span class='ocrx_word' id='word_1_552' title='bbox 1159 3354 1310 3401; x_wconf 76' lang='grc' dir='ltr'><strong>Ξάνθος</strong></span> <span class='ocrx_word' id='word_1_553' title='bbox 1349 3350 1391 3394; x_wconf 77' lang='grc' dir='ltr'><strong>ὃν</strong></span> <span class='ocrx_word' id='word_1_554' title='bbox 1418 3352 1702 3409; x_wconf 71' lang='grc' dir='ltr'>Ἀνδρόπομπος</span> <span class='ocrx_word' id='word_1_555' title='bbox 1838 3351 1975 3393; x_wconf 78' lang='grc' dir='ltr'>κτείνει</span> <span class='ocrx_word' id='word_1_556' title='bbox 2006 3352 2261 3408; x_wconf 83' lang='lat' dir='ltr'><strong>legendum</strong></span> <span class='ocrx_word' id='word_1_557' title='bbox 2294 3367 2396 3397; x_wconf 89' lang='lat' dir='ltr'><strong>esse</strong></span> <span class='ocrx_word' id='word_1_558' title='bbox 2428 3354 2678 3398; x_wconf 89' lang='lat' dir='ltr'><strong>coniecerit</strong></span> 
     </span>
    </p>
   </div>
   <div class='ocr_carea' id='block_1_4' title="bbox 319 3420 2679 3480">
    <p class='ocr_par' dir='ltr' id='par_1_6' title="bbox 319 3420 2679 3480">
     <span class='ocr_line' id='line_1_47' title="bbox 319 3420 2679 3480; baseline 0.001 -16"><span class='ocrx_word' id='word_1_559' title='bbox 319 3420 361 3464; x_wconf 76' lang='grc' dir='ltr'><strong>ὃν</strong></span> <span class='ocrx_word' id='word_1_560' title='bbox 388 3423 632 3476; x_wconf 72' lang='grc' dir='ltr'>(Μέλανθος</span> <span class='ocrx_word' id='word_1_561' title='bbox 673 3422 728 3476; x_wconf 85' lang='grc' dir='ltr'><strong>ὁ)</strong></span> <span class='ocrx_word' id='word_1_562' title='bbox 752 3422 1064 3479; x_wconf 71' lang='grc' dir='ltr'><strong>Ἀνδροπόμπουε</strong></span> <span class='ocrx_word' id='word_1_563' title='bbox 1122 3429 1313 3479; x_wconf 88' lang='lat' dir='ltr'><strong>gentem</strong></span> <span class='ocrx_word' id='word_1_564' title='bbox 1370 3421 1609 3480; x_wconf 90' lang='lat' dir='ltr'><strong>quandam</strong></span> <span class='ocrx_word' id='word_1_565' title='bbox 1657 3436 1778 3479; x_wconf 90' lang='lat' dir='ltr'><strong>quae</strong></span> <span class='ocrx_word' id='word_1_566' title='bbox 1826 3426 1935 3467; x_wconf 88' lang='lat' dir='ltr'><strong>ante</strong></span> <span class='ocrx_word' id='word_1_567' title='bbox 1986 3421 2194 3467; x_wconf 87' lang='lat' dir='ltr'><strong>Boeotos</strong></span> <span class='ocrx_word' id='word_1_568' title='bbox 2233 3427 2280 3467; x_wconf 87' lang='lat' dir='ltr'><strong>et</strong></span> <span class='ocrx_word' id='word_1_569' title='bbox 2319 3421 2591 3468; x_wconf 88' lang='lat' dir='ltr'><strong>Lebadeam</strong></span> <span class='ocrx_word' id='word_1_570' title='bbox 2632 3427 2679 3466; x_wconf 90' lang='lat' dir='ltr'><strong>et</strong></span> 
     </span>
    </p>
   </div>
  </div>
 </body>
</html>
