3054 4150
2643 227 2697 269 13

350 343 636 396 Eleutheras
666 351 872 403 tenebat,
902 354 1072 408 postea
1100 357 1283 408 partem
1313 350 1462 395 fuisse
1482 355 1669 395 constat
1699 352 1909 395 nationis
1941 351 2132 395 Ionicae
2163 352 2298 412 eique
2329 353 2552 407 antiquas
2584 365 2695 394 suas

350 419 712 478 superstitiones
734 417 997 467 tradidisse.
1060 425 1116 466 ut
1146 420 1603 477 argumentationem
1624 418 1921 471 concludam,
1952 419 2171 476 Europae
2194 435 2365 466 nomen
2388 425 2431 465 et
2453 421 2696 465 notionem

351 490 526 548 quippe
557 501 679 547 quae
711 489 770 535 ab
802 490 860 535 iis
889 490 1114 546 gentibus
1146 491 1228 548 qui
1258 493 1427 548 postea
1446 488 1584 536 Iones
1617 503 1667 534 se
1698 489 1999 548 appellauere
2030 504 2088 535 ex
2120 490 2227 547 ipsa
2259 487 2453 535 Graecia
2486 490 2534 535 in
2551 488 2697 535 Asiae

350 572 480 605 oram
510 559 744 605 translata
775 563 947 612 essent,
988 560 1047 606 ab
1081 559 1250 605 iisdem
1279 559 1504 615 gentibus
1535 558 1751 605 adhibita
1791 574 1893 605 esse
1930 561 2112 606 conicio
2145 561 2187 605 ei
2218 564 2366 604 terrae
2398 564 2561 604 uastae
2592 563 2638 603 et
2668 574 2695 603 a

349 629 563 676 barbaris
596 634 850 688 occupatae
890 642 1011 687 quae
1047 635 1157 687 post
1197 642 1327 675 oram
1367 630 1652 674 maritimam
1692 630 1820 675 intus
1861 630 2201 688 porrigebatur.
2265 628 2454 674 Cariam
2486 628 2693 674 Phoeni-

350 701 471 746 ciam
502 698 791 757 appellatam
822 699 970 745 fuisse
1001 698 1225 752 uidimuS,
1266 699 1460 756 Europa
1498 704 1568 745 est
1598 698 1852 745 Phoenicis
1883 700 1996 753 filia,
2028 701 2186 747 herois
2221 700 2357 757 Lycii
2388 706 2553 745 mater:
2593 714 2694 745 om-

349 771 430 815 nia
450 769 687 826 praeclare
707 771 975 815 concinunt.
1025 769 1195 814 addere
1215 769 1356 814 lic-eat
1378 769 1541 814 urbem
1563 769 1777 814 Caricam
1798 769 2077 826 Hyromum,
2099 773 2234 815 cuius
2257 784 2430 815 nomen
2453 784 2481 813 a
2503 769 2696 813 Graecis

349 842 399 884 in
430 838 694 884 Euromum
723 840 1000 884 mutabatur
1034 838 1265 894 [Boeckh,
1288 838 1686 884 Staatshaush.II
1712 849 1755 895 p.
1775 843 1859 883 492
1890 839 2083 891 Kohler,
2116 839 2357 884 Abhandl.
2375 839 2416 883 d.
2433 838 2697 883 Berl.Aka-

350 907 502 954 demie
520 910 631 953 1869
645 907 819 965 p.194],
836 908 895 955 ab
913 907 1152 954 Herodoto
1171 907 1415 965 Europum
1432 907 1720 965 appellatam
1737 923 1851 952 esse.
1887 908 2070 953 indocte
2086 910 2208 954 enim
2229 908 2356 967 apud
2375 908 2511 954 illum
2527 909 2694 963 [8.133.

354 976 456 1032 135]
479 974 672 1033 Εὐρωπέα
696 980 745 1023 in
764 976 958 1034 Εὐρωμὲα
974 980 1146 1024 mutari
1164 978 1429 1023 Pausanias
1446 977 1570 1023 fidus
1584 977 1813 1023 Herodoti
1830 979 2010 1023 assecla
2027 978 2161 1024 docet
2181 979 2405 1033 19,23,6,1,
2423 995 2480 1023 ne
2491 978 2693 1035 Stepha-

349 1060 465 1093 num
488 1046 552 1104 [p.
572 1049 672 1099 287,
692 1046 765 1101 161
796 1046 874 1092 uel
892 1046 1234 1104 Etymologum
1255 1047 1320 1104 [p.
1344 1050 1444 1099 397,
1466 1047 1542 1101 481
1569 1046 1775 1092 afferam.
1817 1061 1937 1103 quae
1963 1050 2163 1093 mutatio
2188 1048 2368 1093 facilior
2388 1054 2511 1093 certe
2533 1053 2631 1092 erat
2654 1049 2693 1092 si

350 1115 547 1174 Europa
586 1114 646 1161 ad
677 1115 864 1162 Cariam
893 1116 1172 1174 pertinebat.
1216 1115 1364 1162 huius
1386 1115 1620 1174 Europae,
1657 1129 1778 1174 quae
1801 1115 2035 1174 praesidet
2064 1117 2226 1162 Cariae
2250 1117 2531 1175 Lyciaeque,
2563 1115 2693 1162 filius

351 1185 443 1232 dici
474 1199 588 1231 sane
612 1188 770 1243 potuit
796 1185 956 1243 aquilo
989 1191 1160 1231 uentus
1190 1199 1337 1243 rapax
1368 1191 1414 1231 et
1443 1185 1736 1243 procellosus
1760 1188 1841 1243 qui
1868 1186 1924 1231 de
1953 1188 2194 1232 montibus
2231 1186 2326 1232 illis
2359 1186 2607 1232 altissimis
2646 1188 2692 1231 in

349 1254 486 1300 littus
518 1256 770 1313 ipsumque
802 1269 928 1300 mare
959 1257 1053 1300 ruit
1083 1257 1244 1301 nautis
1266 1257 1513 1313 praecipue
1542 1257 1866 1313 promontoria
1889 1256 2352 1301 circumuehentibus
2385 1251 2691 1313 periculosus.

350 1322 568 1383 equidem
610 1339 782 1370 nomen
824 1324 1036 1382 Σαρπηδών
1078 1326 1136 1371 ab
1173 1322 1339 1382 Ἅρπυια
1371 1323 1555 1381 ἁρπάζειν
1593 1338 1690 1371 non
1723 1323 2009 1371 diiunxerim
2041 1324 2298 1383 eademque
2332 1327 2508 1370 ratione
2539 1324 2691 1383 expli-

350 1396 555 1440 cauerim
587 1393 714 1452 quod
745 1397 851 1452 ipsa
880 1397 1204 1453 promontoria
1221 1394 1517 1452 Sal-pedones
1549 1394 1627 1439 uel
1645 1394 1965 1451 Sarpedoniae
1998 1410 2136 1451 rupes
2169 1395 2469 1452 appellantur
2502 1397 2578 1450 les.
2604 1399 2691 1440 im-

349 1465 515 1522 primis
547 1463 771 1521 Aeschyl.
806 1464 971 1522 Suppl.
1005 1467 1088 1510 837
1121 1463 1280 1522 Apoll.
1313 1465 1425 1520 Arg.
1463 1468 1500 1513 1.
1531 1468 1609 1508 211
1650 1477 1687 1508 c.
1721 1463 1886 1509 seholl.
1921 1463 2172 1509 Herodian.
2207 1463 2263 1509 de
2295 1466 2412 1518 sing.
2446 1463 2550 1509 dict.
2585 1479 2627 1521 p.
2651 1470 2692 1513 9.

353 1537 407 1580 10
440 1531 578 1579 Dind.
611 1531 816 1590 Hesych.
850 1532 985 1580 Phot.
1021 1532 1150 1580 Suid.
1184 1548 1219 1579 s.
1244 1548 1287 1579 u.
1320 1532 1533 1589 Σαρπηδὼν
1563 1531 1663 1588 ἀκτή
1696 1531 1842 1578 schol.
1863 1532 2007 1578 Rhes.
2028 1532 2121 1587 281.
2185 1532 2231 1578 id
2264 1548 2437 1579 numen
2471 1548 2551 1589 per
2581 1548 2692 1589 poe-

348 1607 504 1648 tarum
536 1603 734 1648 inuenta
764 1603 813 1648 in
845 1602 1032 1649 heroem
1054 1602 1229 1660 Lyciae
1260 1606 1632 1648 transmutatum
1665 1607 1735 1647 est
1765 1607 1906 1660 atque
1938 1603 2003 1647 ita
2034 1601 2223 1660 quidem
2258 1609 2309 1648 ut
2339 1604 2562 1659 antiquae
2593 1604 2693 1648 eius

349 1678 547 1717 naturae
579 1674 733 1717 omnis
765 1674 989 1718 memoria
1025 1674 1247 1717 interiret.

555 1741 657 1786 Hae
696 1746 854 1788 tamen
891 1741 1230 1800 explicationes
1273 1743 1315 1786 ei
1353 1741 1542 1787 fabulae
1587 1756 1682 1799 qua
1713 1742 1904 1800 Europa
1947 1757 1973 1787 a
2004 1742 2118 1787 Ioue
2161 1744 2209 1787 in
2243 1742 2426 1787 Cretam
2468 1741 2693 1787 translata

350 1826 453 1857 esse
484 1811 772 1863 tradebatur,
803 1812 940 1857 nulla
971 1813 1154 1857 ratione
1186 1810 1400 1856 adhiberi
1431 1817 1644 1869 possunt.
1708 1811 1943 1869 siquidem
1963 1812 2180 1870 Europae
2214 1827 2377 1857 uerum
2411 1817 2456 1856 et
2488 1813 2693 1856 anticum

348 1886 583 1938 raptorem
601 1881 758 1927 Ditem
789 1883 935 1926 fuisse
958 1887 1077 1926 recte
1100 1881 1357 1939 disputaui,
1389 1883 1429 1926 is
1451 1896 1531 1938 per
1561 1896 1687 1926 mare
1719 1896 1816 1926 non
1849 1882 2051 1933 uehitur,
2084 1882 2306 1939 Europae.
2336 1884 2467 1925 notio
2489 1883 2693 1937 genuina

349 1965 411 1996 an
429 1950 592 1996 Cretae
617 1952 803 1997 insulae
827 1953 977 2009 aptari
999 1953 1219 2009 potuerit,
1251 1950 1392 1996 ualde
1410 1950 1589 2004 dubito,
1622 1965 1674 1995 ac
1706 1953 1746 1996 si
1778 1953 1947 2009 potuit,
1980 1957 2100 1997 certe
2123 1958 2294 1997 terram
2316 1966 2397 2010 per
2428 1965 2554 1995 mare
2586 1951 2693 1995 uehi

350 2023 563 2077 ineptum
595 2027 677 2066 est.
740 2024 834 2066 iam
868 2023 1131 2066 accuratius
1163 2027 1311 2066 totam
1348 2021 1478 2066 illam
1515 2020 1727 2066 fabulam
1761 2023 2143 2067 examinantibus
2177 2024 2295 2066 mira
2327 2023 2466 2068 uobis
2499 2036 2548 2064 se
2580 2021 2692 2064 offe-

348 2094 418 2135 ret
448 2089 711 2136 similitudo
744 2105 838 2148 qua
868 2104 975 2136 cum
1007 2092 1073 2136 eis
1105 2092 1409 2147 coniungitur
1439 2105 1556 2147 quae
1589 2090 1704 2136 olim
1744 2090 1801 2135 de
1833 2091 2099 2149 Pasiphaae
2136 2092 2275 2136 bouis
2317 2092 2465 2136 forma
2505 2089 2695 2135 indutae

349 2165 394 2205 et
424 2161 549 2204 tauri
581 2159 734 2205 diuini
765 2175 789 2205 e
811 2162 929 2205 mari
962 2162 1052 2205 orti
1076 2161 1318 2206 amoribus
1341 2161 1670 2212 narrabantur,
1702 2159 1761 2204 ad
1784 2175 1871 2205 nos
1895 2166 2052 2206 autem
2085 2162 2177 2205 nisi
2201 2162 2433 2206 obscoene
2464 2166 2509 2205 et
2531 2174 2695 2218 spurce

350 2229 611 2274 deformata
657 2245 753 2275 non
795 2236 1112 2286 peruenerunt
1161 2230 1237 2285 les.
1272 2245 1392 2286 quae
1423 2232 1662 2283 congessit
1694 2230 1873 2274 Baehet
1907 2230 1963 2274 de
1996 2231 2214 2274 Meziriac
2246 2238 2493 2274 comment.
2519 2246 2598 2273 sur
2625 2230 2693 2273 les

350 2298 481 2356 epitr.
502 2296 750 2343 d’Ouidel
784 2313 827 2356 p.
843 2298 965 2353 3391.
1029 2314 1148 2356 quae
1179 2314 1289 2345 uero
1324 2300 1371 2344 'rn
1394 2298 1612 2356 Europae
1644 2298 1809 2344 fabula
1841 2298 2102 2348 offendunt.
2135 2299 2211 2344 hic
2244 2301 2403 2344 onmia
2436 2300 2691 2356 aptissima.

349 2368 626 2425 Neptunum
657 2373 778 2413 certe
808 2370 961 2424 magis
995 2368 1125 2413 decet
1156 2374 1345 2413 taurum
1377 2384 1400 2413 e
1432 2369 1548 2413 mari
1578 2383 1821 2425 procreare
1858 2369 1932 2424 [cf.
1966 2368 2190 2426 Apollod.
2224 2369 2292 2414 111
2329 2374 2364 2415 1.
2396 2373 2435 2415 3.
2468 2368 2515 2422 21
2552 2382 2692 2425 quam

349 2438 535 2489 Iouem,
566 2437 707 2482 Luna
730 2462 781 2467 —
804 2438 927 2483 hanc
959 2439 1084 2484 enim
1115 2438 1382 2495 Pasiphaae
1413 2442 1631 2483 naturam
1664 2452 1767 2483 esse
1789 2444 1974 2483 constat
1999 2440 2167 2496 opinor
2196 2464 2234 2468 —
2267 2438 2392 2496 quod
2421 2453 2525 2483 cum
2559 2443 2691 2482 tauro

349 2507 623 2552 concumbit
653 2521 750 2552 non
781 2509 953 2552 mirum
986 2507 1219 2565 siquidem
1242 2507 1408 2552 Lunae
1439 2507 1578 2551 bouis
1611 2510 1814 2564 speciem
1847 2507 2127 2553 sollemnem
2161 2509 2306 2553 fuisse
2336 2508 2512 2553 uellus
2536 2522 2691 2551 exem-

348 2577 483 2634 plum
515 2577 818 2622 notissimum
855 2577 930 2631 [cf.
965 2576 1158 2622 Usener.
1192 2577 1281 2621 Rh.
1315 2576 1437 2622 Mus,
1462 2581 1516 2622 23
1538 2592 1581 2634 p.
1607 2581 1691 2623 338
1714 2578 1805 2634 sqsl
1843 2577 1990 2629 docet,
2023 2578 2187 2623 Lunae
2220 2578 2421 2635 denique
2452 2579 2691 2634 proprium

348 2651 419 2691 est
449 2647 735 2703 peregrinari
768 2670 819 2675 ——
848 2643 915 2687 Ἰώ
942 2647 1000 2691 ab
1032 2646 1132 2688 ἰέναι
1163 2645 1374 2691 deriuare
1405 2661 1542 2691 nemo
1575 2646 1761 2692 dubitat
1792 2672 1862 2697 —,
1895 2647 2097 2692 Telluris
2130 2653 2265 2692 stare.
2327 2649 2549 2705 quoniam
2582 2661 2692 2690 uero

349 2716 541 2771 Europa
572 2721 617 2759 et
649 2714 707 2758 ad
739 2715 954 2759 tellurem
989 2720 1031 2759 et
1064 2715 1123 2760 ad
1154 2716 1318 2760 lunam
1351 2716 1506 2761 referri
1536 2719 1713 2773 nequit,
1747 2731 1891 2761 unam
1924 2717 2063 2762 uideo
2096 2719 2323 2761 rationem
2347 2731 2441 2774 qua
2471 2716 2580 2761 illae
2601 2715 2690 2759 dis-

348 2783 585 2830 ficultates
609 2790 933 2836 amoueantur,
955 2785 1221 2842 Pasiphaae
1252 2784 1463 2831 fabulam
1495 2788 1561 2830 ita
1581 2788 1630 2831 in
1654 2786 1897 2843 Europam
1921 2786 2200 2831 translatam
2223 2803 2324 2831 esse
2347 2792 2397 2831 ut
2418 2787 2559 2830 huius
2583 2799 2692 2829 uera

348 2859 517 2899 natura
547 2867 742 2910 prorsus
776 2854 1025 2899 obscurata
1061 2855 1135 2898 sit.
1197 2854 1287 2898 hoe
1326 2868 1420 2910 qua
1456 2854 1512 2898 de
1553 2870 1698 2900 causa
1738 2855 1913 2900 factum
1956 2857 2031 2906 sit,
2078 2855 2319 2900 diuinasse
2358 2855 2473 2899 mihi
2516 2853 2690 2898 uideor.

350 2922 407 2967 de
438 2922 631 2980 Europa
662 2923 826 2968 Carica
857 2930 900 2967 et
932 2922 1081 2979 Lycia
1112 2925 1229 2968 satis
1262 2923 1413 2969 multa
1442 2923 1642 2980 protuli,
1693 2927 1786 2969 iam
1820 2924 2025 2969 audiatis
2057 2924 2348 2969 Herodotum
2386 2925 2446 2979 ll,
2483 2923 2609 2976 1731:
2658 2923 2692 2964 οἱ

350 2991 484 3036 Λύκιοι
514 2993 558 3035 ἐκ
581 2991 735 3049 Κρήτης
765 2990 954 3050 τώρχαῖον
984 2992 1175 3049 γεγόνασι.
1207 2993 1273 3049 τήν
1303 2993 1376 3049 γὰρ
1411 2992 1564 3050 Κρήτην
1597 2993 1702 3052 εἶχον
1733 2995 1775 3037 τὸ
1808 2995 1974 3037 παλαιὸν
2005 2997 2132 3037 πᾶσαν
2163 2994 2369 3051 βάρβαροι·
2400 2993 2692 3050 διενειχθέντων

348 3061 391 3105 δὲ
423 3064 463 3104 ἐν
496 3061 647 3118 Κρήτῃ
678 3061 764 3118 περὶ
801 3067 868 3117 τῆς
903 3063 1107 3118 βασιλήιης
1144 3067 1215 3105 τῶν
1249 3062 1436 3119 Εὐρώπης
1473 3062 1622 3105 παίδων
1652 3065 1900 3120 Σαρπηδόνος
1941 3082 1982 3106 τε
2021 3064 2085 3106 καὶ
2119 3064 2239 3107 Μίνω.
2285 3063 2333 3110 ὡς
2365 3062 2603 3118 ἐπεκράτησε
2634 3067 2695 3118 τῆι

349 3132 460 3174 στάσι
492 3130 636 3182 Μίνως,
676 3131 859 3187 ἐξήλασεν
891 3130 1006 3174 αὐτόν
1037 3149 1078 3174 τε
1108 3132 1340 3188 Σαρπηδόνα
1371 3131 1436 3174 καὶ
1466 3133 1552 3180 τούς
1585 3133 1795 3181 στασιώτας
1828 3133 1957 3184 αὐτοῦ,
1999 3135 2033 3176 οἱ
2065 3134 2107 3176 δὲ
2139 3133 2383 3179 ἀπωσθέντες
2416 3131 2595 3174 ἀπίκοντο
2627 3136 2694 3187 τῆς

345 3199 471 3256 Ἀσίης
502 3202 541 3249 ἐς
571 3203 642 3256 γῆν
678 3201 746 3256 τὴν
778 3200 975 3243 Μιλυάδα.
1036 3201 1280 3259 aliquanto
1313 3204 1456 3257 igitur
1491 3207 1602 3259 post
1633 3205 1962 3259 migrationem
1994 3203 2130 3248 Iones
2163 3218 2267 3247 cum
2302 3202 2490 3257 Lycios,
2532 3204 2613 3258 qui
2646 3218 2695 3246 se

350 3272 444 3328 ipsi
475 3271 577 3315 sine
609 3270 754 3316 dubio
787 3270 1034 3327 indigenas
1067 3286 1170 3316 esse
1209 3271 1442 3318 dicebant.
1482 3286 1538 3316 ex
1570 3272 1710 3317 Creta
1747 3275 1935 3318 uenisse
1967 3274 2325 3325 excogitassent.
2372 3270 2694 3326 Sarpedonem

350 3344 403 3384 ut
447 3339 611 3383 Cretae
653 3344 819 3384 natum
861 3354 965 3384 esse
1007 3341 1284 3397 probarent,
1332 3332 1548 3397 Europae
1589 3342 1675 3386 iter
1718 3341 1938 3386 Cretense
1984 3340 2221 3385 finxerunt
2267 3338 2484 3385 adhibita
2532 3339 2696 3385 fabula

349 3407 632 3466 Pasiphaae,
664 3422 784 3466 quae
815 3413 974 3453 utrum
992 3409 1254 3454 Laconicae
1286 3422 1348 3453 an
1366 3408 1572 3454 Creticae
1595 3412 1790 3466 originis
1813 3411 1963 3461 fuerit,
1986 3408 2044 3454 ad
2076 3409 2198 3454 hanc
2220 3414 2340 3453 certe
2366 3410 2693 3466 quaestionem

349 3476 473 3522 nihil
503 3477 651 3522 refert.
712 3477 869 3536 lepide
900 3483 1022 3523 certe
1053 3483 1194 3535 atque
1225 3477 1703 3536 eleganterEuropae
1734 3481 1871 3524 matri
1901 3492 2072 3524 nomen
2094 3478 2364 3535 Pasiphaae
2397 3477 2697 3525 simillimum
