3054 4150
2654 248 2708 290 11

362 366 665 413 infestabant.
740 368 921 424 piratae
971 368 1096 413 enim
1138 371 1272 413 erant
1310 370 1356 413 et
1401 366 1544 412 Cares
1589 372 1636 413 et
1679 366 1844 419 Poeni,
1883 368 2064 424 piratae
2109 366 2320 425 Dolopes
2365 383 2553 427 quoque
2594 368 2709 415 olim

365 435 663 492 Magnesiam
700 434 893 494 {ApolL
925 436 1038 493 Arg.
1074 440 1112 489 1,
1141 439 1230 483 585
1269 450 1305 481 6.
1338 435 1505 482 scholl.
1553 436 1757 482 Demetr.
1801 435 1959 494 Sceps.
2000 451 2072 495 ap.
2108 435 2261 483 Strab.
2301 441 2343 489 9,
2373 438 2497 494 438],
2541 443 2711 498 postea

363 505 564 562 Scyrum
594 504 804 551 insulam
839 504 1071 563 [Thucyd.
1094 510 1133 559 1,
1155 509 1225 559 98,
1246 508 1288 559 2,
1317 504 1444 551 Plut.
1464 505 1580 552 Cim.
1598 505 1647 562 81
1681 507 1967 559 habitanteS,
1999 521 2201 565 quorum
2222 506 2447 552 Phoenix'
2459 523 2541 553 rex
2561 508 2709 554 fuisse

364 573 511 619 fertur
545 573 583 629 [l
613 577 699 620 484
743 573 934 627 Pindar.
966 588 1040 632 ap.
1073 574 1227 620 Strab.
1259 579 1302 627 9,
1330 575 1454 630 431].
1517 589 1656 632 quem
1686 575 1888 620 Ioannes
1920 575 2137 633 Toepffer
2170 576 2273 631 [att.
2298 575 2489 620 Geneal.
2520 592 2564 635 p.
2597 577 2703 631 294]

361 644 522 690 uersui
554 642 590 687 K
608 647 693 690 266
725 657 783 689 ex
802 643 825 690 I
841 647 926 690 448
956 643 1081 690 male
1097 645 1294 703 repetito
1325 645 1475 690 nimia
1493 643 1587 690 fide
1608 644 1787 690 tributa
1817 646 1866 690 in
1884 644 2130 691 Boeotiam
2151 644 2402 690 transferre
2418 661 2514 692 non
2531 645 2705 693 debuit.

569 713 670 759 Iam
702 727 814 759 uero
847 712 1167 770 quaerendum
1199 712 1326 758 unde
1357 713 1498 759 Caria
1526 717 1629 759 siue
1650 714 1800 770 Lycia
1831 716 1933 759 siue
1965 720 2164 772 utraque
2195 716 2323 770 regio
2356 729 2530 760 numen
2553 716 2704 761 Euro-

361 796 450 840 pae
481 784 744 839 acceperint
789 787 835 827 et
876 781 990 840 quid
1031 784 1097 827 rei
1128 782 1348 840 Europae
1386 796 1494 827 cum
1526 782 1664 828 Creta
1700 783 1849 827 fuerit.
1912 782 1969 828 de
1999 783 2194 842 Europa
2234 797 2262 827 a
2291 783 2406 828 Ioue
2438 785 2486 828 in
2518 789 2706 831 taurum

362 856 544 898 mutato
576 866 659 910 per
688 865 816 898 mare
847 854 897 898 in
914 850 1100 898 Cretam
1132 849 1275 898 ducta
1306 853 1467 898 omnia
1497 858 1610 899 nota
1641 855 1769 904 sunt,
1800 851 1883 898 sed
1904 854 2047 898 nimis
2068 868 2097 898 a
2119 854 2235 898 uiris
2257 851 2408 899 doctis
2442 868 2499 899 ea
2518 853 2707 900 fabulae

361 922 512 966 forma
549 920 765 977 neglecta
801 936 904 966 esse
946 921 1064 966 mihi
1105 920 1306 974 uidetur,
1353 935 1449 979 qua
1493 921 1689 980 Europa
1739 923 1787 966 in
1829 922 2074 967 Boeotiam
2119 937 2147 966 a
2177 923 2290 967 Ioue
2336 923 2620 968 abscondita
2663 930 2707 968 et

361 994 530 1048 postea
561 1004 590 1035 a
621 989 801 1036 Cadmo
843 992 1041 1036 inuenta
1079 1004 1183 1036 esse
1212 989 1426 1036 traditur.
1489 990 1729 1049 Europam
1771 993 1895 1036 enim
1928 991 2161 1049 siquidem
2194 991 2372 1037 monile
2403 991 2523 1037 illud
2555 992 2704 1039 famo·

361 1074 468 1105 sum
500 1058 679 1106 Cadmo
720 1073 827 1105 cum
858 1058 1168 1105 Harmoniam
1199 1058 1401 1112 duceret,
1449 1058 1573 1106 dono
1606 1058 1794 1105 dedisse
1825 1060 2120 1119 Pherecydes
2152 1066 2316 1107 auctor
2345 1061 2436 1106 fuit
2460 1061 2704 1120 [Apollod.

360 1127 475 1176 bibl.
509 1128 578 1175 III
609 1132 650 1182 4,
682 1118 733 1181 2)
755 1128 821 1184 31,
871 1129 962 1175 1106
998 1144 1092 1187 qua
1130 1130 1311 1176 ratione
1351 1143 1538 1175 narrare
1575 1131 1785 1189 potuerit
1820 1144 1916 1175 non
1948 1129 2086 1177 uideo
2119 1132 2213 1176 nisi
2245 1132 2311 1176 ita
2343 1136 2395 1176 ut
2431 1132 2479 1176 in
2511 1131 2707 1178 Boeotia

361 1197 594 1248 Cadmum
632 1211 741 1244 cum
767 1197 974 1256 Europa,
1006 1212 1148 1257 quam
1187 1197 1370 1244 dudum
1412 1201 1723 1257 quaesiuerat‚
1760 1198 2139 1255 congredientem
2180 1200 2361 1245 faceret.
2423 1200 2704 1257 quibuscum

362 1269 539 1325 optimc
569 1268 778 1313 concinit
808 1267 936 1326 quod
966 1268 1287 1314 Antimachus
1323 1268 1398 1324 [cf.
1426 1267 1586 1327 Steph.
1611 1268 1725 1325 Byz.
1758 1283 1802 1326 p.
1836 1272 1935 1319 619,
1964 1272 1992 1312 2
2023 1275 2079 1313 61.
2112 1285 2172 1313 111.
2205 1284 2248 1327 p.
2285 1272 2383 1320 755,
2414 1273 2471 1313 50
2502 1269 2704 1314 Pausan.

360 1343 401 1390 9,
436 1341 503 1389 19,
536 1342 554 1381 1
599 1337 795 1382 Aristot.
828 1337 944 1382 rhet.
979 1337 1009 1378 Γ
1039 1353 1082 1396 p.
1120 1341 1270 1383 1408a
1306 1337 1354 1392 2]
1394 1337 1638 1396 Europam
1673 1351 1701 1380 a
1730 1338 1844 1382 Ioue
1875 1340 1923 1382 in
1956 1338 2231 1395 speluncam
2264 1340 2440 1383 montis
2472 1338 2705 1384 Teumesii

361 1421 506 1464 prope
537 1420 566 1450 a
586 1405 762 1451 Thebis
794 1406 1006 1450 abditam
1039 1421 1142 1451 esse
1172 1408 1394 1451 narrauit.
1456 1409 1551 1452 iam
1582 1421 1694 1451 uero
1734 1421 1816 1463 per
1856 1407 2009 1451 multa
2044 1409 2318 1452 testimonia
2350 1421 2377 1450 a
2409 1409 2523 1451 uiris
2555 1407 2704 1453 doctis

360 1475 470 1521 inde
509 1477 567 1521 ab
601 1473 839 1520 Odofredo
871 1474 1045 1520 Miiller
1085 1474 1266 1521 dudum
1297 1474 1495 1521 collecta
1519 1475 1761 1533 Europam
1793 1481 1979 1522 constat
2010 1477 2068 1523 ab
2102 1477 2160 1521 iis
2191 1475 2416 1531 gentibus
2449 1489 2567 1533 quae
2598 1482 2705 1522 ante

362 1544 615 1591 Boetorum
648 1545 1042 1601 immigrationem
1076 1544 1321 1590 Boeotiam
1352 1545 1577 1591 tenebant
1606 1543 1785 1590 cultam
1823 1558 1926 1591 esse
1965 1559 2049 1603 pro
2090 1544 2178 1589 dea
2217 1544 2412 1589 inferna.
2475 1547 2705 1603 imprimis

362 1612 608 1659 Lebadeae
625 1614 788 1659 fanum
807 1618 904 1658 erat
921 1613 1100 1659 Cereris
1118 1613 1338 1671 Europae
1354 1613 1614 1671 Trophonii
1637 1613 1714 1658 uel
1736 1613 1993 1671 Trephonii
2024 1616 2219 1658 nutricis
2246 1614 2409 1668 {Faus
2428 1619 2470 1666 9,
2491 1618 2560 1665 39,
2582 1619 2620 1659 4.
2639 1615 2703 1669 51.

361 1682 566 1729 Pindaro
603 1682 766 1741 [Pyth.
799 1686 840 1736 4,
872 1683 949 1737 461
997 1688 1185 1728 auctore
1216 1682 1521 1740 Euphemum
1551 1682 1769 1740 Minyam
1803 1683 1996 1741 Europa
2031 1685 2209 1741 peperit
2243 1682 2303 1727 ad
2335 1683 2528 1740 Cephisi
2565 1686 2704 1741 ripas

360 1754 386 1797 i.
420 1769 456 1797 6.
491 1752 790 1805 orchomeni,
836 1751 961 1809 Tityi
992 1751 1107 1803 filia,
1151 1766 1291 1809 quem
1337 1757 1383 1797 et
1423 1754 1579 1809 ipsum
1624 1752 1859 1797 Homerus
1901 1752 2105 1797 Telluris
2149 1752 2301 1798 filium
2353 1754 2397 1807 1λ
2429 1753 2534 1807 5761
2580 1752 2704 1801 dicit,

360 1821 599 1868 Hesiodus
631 1827 677 1868 61
703 1821 999 1881 Pherecydes
1035 1822 1113 1878 161.
1154 1837 1214 1868 111.
1245 1836 1290 1881 p.
1324 1825 1394 1876 60,
1433 1825 1486 1868 37
1519 1820 1664 1867 schol.
1705 1821 1931 1881 Apollon.
1976 1826 2012 1874 1,
2040 1825 2120 1867 761
2168 1821 2392 1881 Apollod.
2437 1822 2458 1867 I
2494 1827 2535 1874 4,
2578 1828 2613 1874 1,
2652 1823 2699 1878 41

360 1892 530 1937 Elarae
557 1892 843 1937 Orchomeni
874 1891 1000 1937 filiae
1035 1906 1062 1936 a
1085 1892 1199 1937 Ioue
1230 1894 1279 1936 in
1302 1897 1473 1937 terram
1497 1892 1727 1944 detrusae,
1758 1908 1909 1949 neque
1950 1894 2073 1937 leuis
2111 1907 2214 1937 esse
2245 1895 2472 1937 momenti
2504 1899 2700 1950 putaue-

359 1963 447 2006 rim
469 1960 597 2018 quod
619 1961 820 2006 eundem
842 1961 1147 2017 Euphemum
1169 1960 1367 2006 Taenari
1396 1961 1638 2006 habitasse
1660 1961 1895 2006 Pindarus
1920 1961 2178 2012 tradiderit,
2210 1976 2263 2006 eo
2291 1962 2471 2006 seilicet
2501 1961 2604 2006 loco
2622 1965 2702 2019 qui

359 2044 417 2075 ex
448 2032 689 2075 communi
721 2030 1006 2075 Graecorum
1039 2031 1263 2087 opinione
1295 2028 1405 2073 Orci
1445 2030 1687 2074 introitum
1724 2031 1976 2086 praeberet.
2040 2030 2116 2074 hic
2148 2029 2430 2074 adferendus
2469 2035 2539 2075 est
2570 2030 2714 2075 Rha:

358 2099 647 2156 damanthys
665 2099 884 2156 Europae
915 2098 1046 2144 filius
1077 2113 1353 2156 camporum
1370 2098 1644 2155 Elysiorum
1678 2100 1726 2143 in
1758 2101 1977 2144 extremis
2000 2098 2167 2144 mundi
2190 2100 2283 2143 oris
2307 2113 2493 2156 praeses
2520 2100 2562 2154 1ὀ
2579 2099 2702 2159 5641,

358 2167 485 2225 Tityi
513 2166 671 2213 affinis
697 2168 745 2223 1η
762 2168 886 2222 3231,
918 2167 1260 2214 aPhaeacibus
1291 2172 1584 2213 mortuorum
1616 2169 1777 2212 nautis
1802 2173 1963 2212 uectus
1989 2166 2166 2222 libidjl.
2198 2182 2337 2224 quem
2369 2168 2518 2213 multo
2550 2170 2700 2223 magis

358 2250 499 2293 quam
517 2236 578 2281 ad
600 2237 784 2282 Cretam
807 2238 1037 2293 pertinere
1059 2236 1119 2281 ad
1135 2236 1382 2282 Boeotiam
1400 2236 1737 2293 Euboeamque
1755 2236 1962 2280 insulam
1981 2236 2203 2281 Boeotiae
2234 2238 2502 2294 oppositam
2533 2235 2700 2280 docent

356 2305 490 2351 locus
522 2305 802 2352 Homericus
841 2305 981 2352 modo
1023 2304 1214 2359 allatus,
1255 2306 1609 2352 matrimonium
1654 2303 1909 2350 Alcmenae
1959 2304 2104 2361 [Plut.
2143 2305 2251 2362 Lys.
2286 2309 2340 2351 28
2387 2304 2543 2363 Apoll.
2581 2305 2695 2351 bibl.

358 2376 402 2422 II
432 2380 473 2429 4,
519 2381 583 2428 11,
616 2380 652 2422 7.
708 2376 776 2422 III
821 2380 857 2429 l,
888 2380 929 2428 2,
960 2380 986 2421 3
1029 2376 1203 2422 Α111011.
1238 2375 1344 2422 Lib.
1373 2375 1468 2431 331,
1515 2377 1762 2420 instructio
1795 2374 2010 2420 Herculis
2058 2375 2226 2431 lschol.
2272 2375 2497 2420 Theocrit.
2535 2379 2600 2426 13,
2631 2375 2695 2430 91.

359 2451 596 2504 1113616163
631 2446 821 2498 Α6111111,
854 2451 907 2491 111
937 2447 1003 2491 ita
1035 2444 1203 2498 dicam,
1233 2444 1419 2492 Boeotii
1450 2459 1553 2490 cum
1587 2446 1636 2490 in
1665 2445 2049 2503 Peloponnesum
2083 2459 2110 2490 a
2133 2446 2321 2491 Boeotis
2356 2447 2502 2501 fugati
2528 2451 2698 2493 essent.

357 2520 403 2560 et
433 2520 609 2560 ceteras
642 2518 1002 2573 superstitiones
1035 2514 1178 2560 simul
1211 2529 1317 2560 cum
1349 2514 1542 2560 sedibus
1578 2515 1925 2559 transferebant
1962 2521 2007 2559 61
2040 2515 2277 2572 Europam
2309 2517 2502 2572 eiusque
2538 2529 2696 2571 parem

357 2585 623 2630 masculum
664 2585 914 2642 Europcm.
987 2585 1193 2642 Europis
1231 2583 1361 2629 filius
1403 2583 1574 2628 dicitur
1603 2583 1829 2629 Hermion
1872 2599 2136 2641 eponymus
2179 2585 2307 2629 urbis
2350 2584 2508 2628 inferis
2541 2598 2698 2628 sacrae

360 2655 535 2709 {Strab.
570 2660 596 2699 8
627 2669 670 2712 p.
704 2653 788 2699 373
820 2654 959 2699 PauS.
993 2659 1034 2705 2,
1064 2654 1134 2706 34,
1166 2659 1204 2698 4.
1238 2653 1334 2708 35],
1366 2652 1492 2711 apud
1530 2653 1781 2709 Sicyonios
1819 2653 1980 2708 [Faus.
2000 2656 2039 2705 2,
2072 2653 2177 2706 5,6Ι
2213 2652 2404 2698 'selchin
2437 2658 2483 2697 61
2514 2654 2553 2697 is
2586 2652 2696 2698 dae-

356 2738 468 2768 mon
500 2723 727 2774 11116111116,
761 2738 962 2780 quocum
995 2727 1306 2779 componatur
1331 2722 1476 2767 uelim
1503 2722 1749 2767 Mineruae
1770 2722 2040 2767 Telchiniae
2071 2723 2234 2767 fanum
2267 2721 2337 2766 illi
2368 2724 2543 2766 montis
2575 2720 2695 2766 Teu—

357 2794 492 2838 mesii
524 2791 779 2849 speluncae
812 2794 1020 2837 uicinum
1056 2791 1219 2847 [Paus.
1252 2795 1293 2844 9,
1327 2794 1395 2843 19,
1428 2790 1489 2845 11.

563 2860 783 2919 Europae
800 2866 1014 2907 naturam
1032 2859 1246 2906 diuinam
1259 2865 1514 2920 postquam
1531 2859 1864 2911 indicauimus,
1884 2862 2089 2906 nominis
2108 2857 2421 2917 uei-iloquium
2441 2861 2696 2906 obscurum

357 2945 459 2975 esse
491 2934 666 2989 nequit.
730 2945 869 2989 saepe
890 2931 943 2975 fit
975 2936 1028 2974 ut
1059 2945 1224 2974 uerum
1255 2932 1527 2975 inueniatur
1548 2944 1572 2972 c
1594 2933 1849 2974 contrario:
1883 2932 2003 2973 sicut
2027 2930 2216 2970 στενωπόν
2249 2930 2295 2973 id
2319 2930 2556 2984 significat
2572 2931 2698 2986 quod

356 3006 615 3056 angustum
648 3000 829 3045 aditum
859 3002 1066 3058 praebet,
1098 3003 1165 3045 ita
1185 2998 1361 3056 εὖρωπός
1393 3005 1465 3044 est
1484 2999 1617 3044 locus
1649 2999 1745 3044 late
1770 3006 1938 3057 patens
1971 2999 2226 3055 multisque
2248 3004 2450 3055 apertus
2512 2999 2699 3045 telluris

356 3083 467 3114 uero
500 3084 728 3115 cauernae
760 3075 998 3127 spatiosae
1029 3075 1075 3114 et
1105 3074 1272 3115 uastae
1300 3073 1468 3126 patent
1497 3071 1695 3114 mortuis
1729 3069 1931 3125 Orc-ique
1962 3074 2122 3125 portae
2154 3070 2293 3113 etiam
2326 3083 2540 3114 summae
2571 3068 2697 3114 mul-

355 3138 549 3185 titudini
589 3138 845 3184 sufficiunt.
908 3140 1083 3196 optime
1115 3138 1366 3197 Euripides
1407 3140 1458 3184 in
1488 3137 1738 3195 Iphigenia
1768 3137 1965 3183 Taurica
2000 3137 2125 3192 16251
2166 3136 2285 3193 τάφος
2326 3136 2369 3179 ὂὲ
2406 3139 2513 3185 ποῖος
2552 3137 2700 3186 δέξεταί

355 3206 389 3263 μ’
425 3204 517 3250 ὅταν
546 3207 674 3261 votvm
708 3234 759 3240 —
791 3211 865 3265 πῦρ
897 3207 999 3266 ἱερὸν
1031 3207 1138 3252 ἔνδον
1166 3207 1304 3266 χάσμα
1334 3206 1362 3250 τ’
1397 3206 1570 3265 εὐρωπὸν
1601 3207 1760 3264 πέτραςί
1793 3221 1903 3253 nam
1936 3206 2142 3263 εὐρυπυλὲς
2156 3203 2281 3254 Ἄιδος
2312 3208 2368 3248 ὂῶ
2389 3207 2451 3262 [Ψ
2473 3211 2528 3252 74
2550 3208 2696 3263 1571!

355 3291 520 3324 omnes
552 3280 768 3325 nouistis.
831 3278 1008 3325 flumen
1041 3278 1099 3325 ab
1132 3277 1337 3324 Homero
1369 3276 1651 3324 Titaresium
1688 3277 1748 3333 [B
1776 3277 1878 3331 7511
1914 3276 2205 3334 appellatum
2228 3276 2400 3323 Strabo
2433 3281 2599 3324 auctor
2629 3285 2698 3323 est

359 3347 408 3403 19
437 3362 481 3405 p.
514 3351 611 3393 441.
647 3352 669 3394 7
703 3363 746 3406 p.
781 3352 865 3394 329
895 3348 978 3404 frg.
1015 3352 1080 3394 14.
1117 3348 1192 3403 15]
1226 3352 1393 3406 postea
1422 3360 1593 3394 nomen
1624 3347 1804 3404 Europi
1835 3348 2081 3402 accepisse,
2114 3360 2211 3390 non
2243 3348 2346 3391 sine
2378 3349 2505 3391 iusta
2536 3361 2697 3392 causa:

353 3413 469 3472 ὅρκου
499 3416 573 3474 γὰρ
604 3419 733 3461 δεινοῦ
763 3417 905 3474 Στυγὸς
937 3415 1075 3466 ὕδατός
1107 3418 1207 3460 ἐστιν
1237 3416 1414 3475 ἀπορρώξ
1450 3415 1507 3473 [Β
1538 3416 1658 3471 755]-
1721 3415 1921 3472 denique
1961 3417 2243 3473 comparetis
2276 3416 2463 3461 haecce:
2508 3416 2701 3475 Europa

355 3488 536 3544 rapitur
568 3502 597 3533 a
626 3488 755 3542 Ioue,
786 3487 977 3536 abditur
1008 3490 1056 3534 in
1089 3487 1380 3547 speluncam,
1413 3487 1651 3546 quaeritur
1687 3491 1834 3531 terrae
1865 3487 2098 3543 marique:
2141 3485 2429 3545 Proserpina
2460 3489 2641 3545 rapitur
2674 3501 2699 3531 a

2373 3566 2419 3605 2*
