3054 4150
351 193 407 253 18

350 349 461 382 eum
491 334 659 382 urbem
690 333 892 383 condere
933 335 1069 382 iubet
1108 337 1247 394 quasi
1284 337 1702 392 interrogationem
1740 349 1938 395 prorsus
1975 335 2210 399 neglegat.
2257 348 2393 394 (11100
2421 334 2550 390 enim
2580 330 2710 394 apud

354 403 585 451 Ouidium
616 402 742 461 [met.
775 408 817 457 3,
851 408 872 450 1
907 403 993 463 sq.]
1037 409 1084 451 et
1113 403 1235 451 alios
1265 402 1428 461 [schol.
1461 403 1573 453 Eur.
1605 403 1786 452 Phoen.
1819 408 1848 451 5
1891 405 2064 461 Aesch.
2100 405 2229 466 Sept.
2248 400 2348 454 '469
2384 402 2576 454 Diodor.
2608 407 2651 458 4,
2681 407 2710 451 2

349 472 577 532 Apollod.
608 474 681 520 111
708 474 752 527 ’1,
786 478 825 526 1,
855 478 883 520 4
912 473 1088 532 Hygin.
1110 477 1196 519 178
1228 473 1378 531 myth.
1410 472 1559 520 VatI
1582 478 1665 520 149
1697 493 1751 509 ==
1782 474 1908 520 1177
1943 493 1996 510 ι·
2026 475 2244 521 Lactant.
2276 475 2369 523 fab.
2390 479 2444 528 3,
2476 479 2512 521 1.
2574 475 2706 521 Seru.

349 541 411 589 ad
431 543 552 589 Aen.
575 546 618 596 3,
639 541 711 600 88]
741 542 800 589 de
832 542 987 588 reditu
1018 543 1166 588 uetito
1197 546 1464 594 narrantur,
1494 545 1695 588 recentis
1725 547 1895 600 poetae
1925 556 2125 590 acumen
2144 543 2369 602 produnt,
2399 546 2542 592 etiam
2573 546 2706 603 inep-

350 613 449 658 tius
479 611 611 670 apud
640 611 960 658 bibliothecae
990 615 1229 656 auctorem
1259 608 1344 666 [III
1374 614 1416 663 4,
1450 615 1488 661 1,
1523 609 1562 668 1]
1593 609 1710 656 deus
1752 610 2009 669 respondet
2048 607 2136 669 πιρὶ
2177 616 2246 669 τῆς
2278 612 2466 671 Εὐρώπης
2506 613 2561 671 μή
2591 616 2709 656 mau-

349 683 594 738 πραγμονεῖν.
655 695 805 727 unum
843 694 1017 738 sequor
1047 677 1293 737 Euripidis
1329 679 1639 726 scholiastam
1676 677 1871 736 [Phoen.
1904 679 2006 738 638]
2047 683 2130 738 qui
2170 683 2299 740 ipsis
2332 683 2512 731 oraculi
2549 685 2708 732 uerbis

351 751 446 797 hoc
475 752 615 808 quasi
643 755 978 806 argumentum
1008 749 1278 806 praemisit:
1314 747 1474 804 Κάδμος
1505 752 1625 804 ζητεῖν
1655 748 1724 804 τὴν
1754 746 1930 805 ἀδελφὴν
1947 746 2140 805 Εὐρώπην
2169 753 2347 806 μαντεῖον
2376 751 2496 810 ἔλαβε
2525 751 2612 811 περὶ
2641 757 2709 810 τῆς

351 817 526 876 ἀδελφῆς
556 815 704 862 οὐδὲν
733 816 878 861 αὐτῶι
910 817 1168 874 σημαῖνον.
1228 816 1306 864 1110
1338 819 1464 865 0111111
1494 832 1599 865 mos
1630 822 1730 864 erat
1765 816 1840 864 dei
1870 815 2039 876 Pythii
2070 822 2124 864 ut
2153 817 2367 867 colonias
2397 820 2597 869 condere
2628 837 2708 870 eos

352 889 536 935 iuberet
566 890 647 945 qui
679 887 736 933 de
756 886 900 943 longe
933 886 1041 932 aliis
1072 888 1215 933 rebus
1239 887 1482 934 oraculum
1513 888 1834 934 consulerent:
1866 888 2003 932 euius
2024 887 2387 936 consuetudinis
2407 891 2710 940 celeberrima
2772 919 2788 933 s

351 956 570 1016 exempla
608 957 867 1016 praebuere
907 955 1121 1002 Grinnus
1162 960 1210 1002 et
1250 955 1422 1003 Battus
1463 955 1594 1015 apud
1631 954 1927 1003 Herodotum
1957 954 2013 1014 [4,
2048 959 2142 1002 150.
2179 955 2288 1015 1551.
2351 962 2510 1006 tamen
2551 976 2611 1012 ne
2651 961 2709 1009 de

351 1027 546 1086 Europa
578 1025 769 1085 quidem
801 1024 1012 1071 Cadmus
1043 1025 1220 1072 frustra
1251 1025 1392 1072 deum
1424 1025 1562 1072 adiit:
1596 1028 1780 1072 inuenit
1811 1027 1937 1072 enim
1959 1040 2079 1077 eam,
2109 1031 2367 1085 postquam
2398 1029 2562 1077 urbem
2594 1045 2707 1078 con-

352 1095 488 1150 didit,
534 1097 583 1142 in
625 1094 856 1154 spelunca
886 1096 1046 1141 uicina
1083 1109 1178 1154 quo
1220 1095 1308 1141 Dis
1347 1109 1449 1145 eam
1486 1095 1735 1142 abdiderat
1764 1094 1833 1153 [01.
1865 1110 1909 1155 p.
1946 1094 2026 1153 11].
2089 1109 2211 1155 quae
2251 1098 2413 1143 omnia
2455 1100 2711 1148 obscurata

351 1171 465 1211 sunt
494 1180 578 1225 per
608 1165 829 1223 Europae
861 1165 1073 1210 Creticae
1105 1167 1449 1225 auctoritatem,
1485 1166 1637 1210 multo
1670 1171 1830 1210 tamen
1863 1165 2032 1211 Cadmi
2062 1165 2252 1212 fabulae
2282 1168 2468 1225 aptiora
2497 1183 2602 1216 esse
2633 1175 2707 1218 ui·

355 1235 528 1281 dentur
558 1249 703 1293 quam
734 1234 835 1287 illa,
867 1236 916 1280 in
949 1235 1126 1293 quibus
1158 1235 1249 1279 hoc
1280 1240 1401 1280 certe
1432 1233 1651 1292 displicet
1690 1236 1843 1292 primo
1876 1236 2037 1292 quaeri
2075 1234 2286 1294 puellam
2327 1251 2515 1283 sununo
2547 1239 2708 1287 studio

352 1319 380 1349 a
413 1303 610 1358 Cadmo,
649 1308 752 1349 tum
791 1318 873 1349 eos
917 1305 1021 1349 sine
1052 1303 1155 1349 ulla
1190 1303 1427 1362 probabili
1466 1305 1648 1349 ratione
1685 1305 1734 1348 in
1766 1307 2009 1349 aeternum
2040 1309 2228 1363 tempus
2260 1308 2479 1364 separari.
2539 1308 2624 1354 sed
2655 1317 2709 1355 ut

352 1375 537 1432 nuptiis
570 1372 875 1425 Harmoniae,
906 1376 975 1418 ita
995 1373 1216 1432 Europae
1247 1378 1294 1418 et
1315 1375 1470 1432 raptui
1492 1377 1539 1418 et
1560 1375 1829 1418 inuentioni
1854 1372 1996 1418 altior
2020 1376 2257 1420 sententia
2287 1376 2485 1435 subesse
2506 1377 2706 1424 uidetur.

351 1442 589 1500 siquidem
621 1443 818 1500 Europa
857 1442 917 1488 ad
956 1447 1128 1488 terram
1165 1445 1383 1500 pertinet,
1415 1441 1529 1500 quid
1568 1443 1720 1498 magis
1753 1447 1826 1487 cst
1865 1442 2023 1489 coloni
2068 1443 2323 1490 errabundi
2360 1458 2503 1502 quam
2535 1452 2707 1494 terram

352 1526 575 1569 quaerere
591 1512 675 1558 ubi
697 1510 915 1558 considat.
937 1515 983 1556 et
1000 1511 1166 1558 urbem
1183 1511 1387 1558 condat?
1409 1510 1522 1569 quid
1540 1513 1692 1567 magis
1711 1510 1944 1557 Cadmeos
1961 1509 2156 1560 decebat
2172 1528 2315 1571 quam
2333 1513 2391 1560 de
2407 1519 2534 1561 terra
2548 1522 2709 1575 erepta

351 1581 588 1628 fabulari?
603 1581 682 1627 his
698 1580 921 1627 omnibus
936 1582 1195 1638 perspectis
1209 1580 1267 1626 de
1277 1579 1452 1627 Thebis
1469 1586 1591 1626 reete
1606 1579 1811 1627 iudicare
1823 1580 1960 1627 facilc
1973 1586 2063 1627 est:
2083 1596 2373 1641 quamquam
2387 1585 2513 1631 enim
2523 1583 2710 1633 Thebas

353 1650 575 1696 Boeotias
599 1651 715 1708 quin
737 1649 951 1705 intellegi
974 1648 1181 1694 uoluerit
1201 1654 1358 1707 poeta,
1380 1649 1578 1696 dubium
1601 1664 1698 1696 non
1721 1655 1805 1703 est,
1826 1652 2144 1697 narrationem
2166 1653 2320 1710 ipsam
2342 1654 2410 1699 ita
2430 1655 2638 1700 instituit
2660 1660 2713 1701 ut

352 1734 451 1765 non
484 1719 541 1764 de
573 1722 697 1764 ueris
721 1719 912 1774 Thebis,
945 1718 1027 1763 sed
1054 1718 1111 1763 de
1138 1718 1329 1763 colonia
1355 1719 1568 1775 qualibet
1593 1733 1729 1774 agere
1762 1719 2011 1764 uideretur.
2050 1723 2092 1765 ei
2123 1720 2209 1766 fini
2240 1735 2413 1767 nomen
2431 1722 2711 1770 Thebanum

350 1794 452 1834 erat
483 1790 787 1846 aptissimum
821 1791 998 1846 quippe
1030 1787 1156 1845 quod
1189 1787 1399 1845 plurium
1434 1789 1624 1834 urbium
1657 1791 1782 1833 sicut
1801 1789 1958 1842 Argos
1992 1789 2067 1834 uel
2090 1789 2261 1835 Larisa
2289 1805 2539 1837 commune
2571 1798 2708 1838 esset.

350 1864 534 1915 praeter
564 1857 753 1904 Thebas
784 1857 1010 1903 Boeotias
1044 1862 1268 1915 quattuor
1299 1863 1637 1903 enumerantur
1668 1858 1815 1903 schol.
1836 1857 1945 1902 Eur.
1977 1857 2205 1904 Androm.
2234 1864 2271 1912 1,
2303 1859 2431 1917 quod
2464 1862 2532 1906 ita
2561 1863 2709 1919 scrip-

350 1933 453 1974 tum
500 1931 632 1974 extat
677 1929 727 1975 in
772 1926 1017 1974 codicibus
1077 1928 1270 1986 optimis
1318 1926 1574 1981 MarcianO,
1622 1926 1939 1985 Neapolitano
1985 1926 2174 1982 IIF41,
2232 1928 2558 1977 Ottoboniano
2605 1934 2709 1979 339:

348 1997 417 2054 τήν
448 1999 488 2041 ἐν
514 1995 640 2041 Ἀσίαν.
670 1996 775 2054 λέγει
806 1995 888 2054 [τὴν
917 1995 1022 2043 add.
1049 1995 1395 2052 ΜΓΥποπλάκιον
1426 1995 1560 2054 Θήβην
1590 1992 1635 2053 ἧς
1663 1995 1831 2040 Ἠετίων
1862 1995 2120 2053 ἐβασίλευσεν.
2152 1996 2391 2057 Δικαίαρχός
2422 2015 2538 2057 φησιν
2568 1999 2711 2044 ἐνθάδε

349 2066 592 2124 ἀπόσπασμά
623 2083 657 2109 τι
689 2066 984 2124 [ἀποσπάσαντα
1013 2066 1061 2124 0]
1118 2069 1251 2120 (τοῦ)
1295 2066 1392 2123 μετὰ
1423 2070 1489 2108 τοῦ
1522 2066 1686 2123 Κάδμου
1719 2066 1855 2108 στόλου
1886 2065 1991 2123 [om.
2018 2066 2085 2124 M]
2115 2067 2270 2123 οἰκῆσαι
2300 2067 2429 2125 [οἰκῶν
2462 2068 2558 2124 Νο].
2618 2069 2711 2112 ἔνιοι

350 2137 404 2192 [ἐν
435 2134 461 2193 ἧ
494 2136 609 2179 MNO
636 2150 721 2181 em.
743 2137 908 2193 Cobet]
939 2135 982 2177 δὲ
1013 2135 1078 2177 καὶ
1110 2137 1178 2191 τὴν
1209 2135 1288 2192 [τὸν
1321 2135 1412 2192 MO]
1457 2136 1618 2192 Χρύσην
1656 2135 1721 2176 καὶ
1759 2136 1827 2191 τὴν
1859 2135 2079 2192 Λυρνησσὸν
2119 2138 2159 2177 ἐν
2190 2141 2256 2178 τῶι
2294 2141 2362 2193 τῆς
2392 2138 2526 2195 Θήβης
2571 2139 2710 2182 maian

349 2205 553 2247 τάσσουσιν
583 2204 634 2253 ὡς
667 2205 688 2246 ὁ
710 2206 815 2260 [om.
837 2205 919 2261 ΝΟ]
939 2204 1133 2262 Αἰσχύλος
1151 2204 1395 2261 Λυρνησσίόα
1412 2203 1722 2260 προσαγορεύσας
1754 2206 1828 2259 τήν.
1849 2204 2115 2263 Ἀνδρομάχην
2147 2207 2187 2246 ἐν
2218 2208 2294 2252 τοῖς
2315 2205 2455 2262 Φρυξὶν
2478 2207 2576 2263 [frg.
2596 2209 2710 2265 2671,

350 2275 446 2315 ἔνθα
478 2273 543 2314 καὶ
581 2275 694 2320 ξένως
736 2274 867 2328 Ιξένων
900 2273 1029 2328 MNO]
1070 2274 1214 2329 ἱστορεῖ
1238 2272 1504 2329 Ἀνδραίμονος
1543 2274 1913 2329 Ιίστοριανῦρὲμονοσ
1946 2275 1986 2315 M
2033 2275 2201 2329 ἱστορίαν
2232 2272 2467 2329 α’νόρέμενοσ
2497 2275 2531 2317 Ο
2576 2275 2710 2332 ἄνδρέ-

349 2358 462 2398 μονος
495 2341 544 2398 Ν]
582 2341 701 2398 αὐτὴν
733 2342 876 2398 λέγων·
908 2340 1185 2399 ,Ἀνδραίμονος
1216 2342 1399 2398 γένεθλον
1432 2364 1456 2387 ι
1486 2364 1510 2387 α
1546 2339 1782 2398 Λυρνησσίου
1823 2339 1989 2398 Ζῦενπερ
2016 2339 2177 2399 Ἵῖκτωρ
2220 2338 2366 2400 ἄλοχον
2406 2339 2551 2400 ἤγαγεν
2582 2343 2709 2401 φίλην*

349 2408 400 2467 [ἅ.
432 2408 556 2467 ἤγαγε.
596 2427 636 2466 φ.
669 2410 709 2454 M
757 2407 899 2466 ἄλογον
945 2407 1103 2466 (ὅλογον
1137 2411 1191 2461 Ν)
1240 2409 1356 2467 φίλην
1394 2407 1536 2466 ἤγαγεν
1571 2409 1666 2466 NOJ.
1734 2409 1868 2452 Φίλων
1912 2410 2062 2467 [φιλιασ
2094 2410 2134 2454 M
2181 2410 2316 2467 φιλίασ
2348 2410 2432 2467 ΝΟ]
2478 2411 2521 2454 δὲ
2562 2411 2630 2455 καὶ
2669 2415 2709 2456 ἐν

349 2480 564 2523 Θεσσαλίαι
594 2479 807 2537 [θαλασσία
840 2480 971 2537 MNO]
1001 2479 1116 2537 φησὶν
1148 2482 1188 2522 ὲν
1219 2484 1285 2522 τῶν.
1316 2480 1539 2521 ‹bauan-46».
1571 2479 1673 2521 τέλει
1705 2478 1837 2535 Θήβας
1870 2478 1976 2522 εἶναι.
2036 2479 2267 2535 Ηεόπομπος
2298 2479 2342 2522 δὲ
2374 2481 2414 2523 ἐν
2444 2483 2521 2529 τοῖς
2552 2481 2640 2539 [γὰρ
2661 2482 2709 2539 0]

343 2551 590 2606 Ἑλληνικοῖς
606 2549 672 2592 καὶ
689 2549 775 2606 περὶ
793 2550 860 2606 τὴν
880 2549 1072 2605 Μυκάλην
1088 2546 1211 2598 ἄλλας
1228 2550 1280 2606 [μ.
1297 2545 1396 2595 ἅλας
1411 2549 1450 2591 M
1476 2564 1566 2594 0111.
1586 2548 1619 2590 0
1646 2550 1800 2607 spatio
1826 2549 2003 2606 relicto]
2027 2547 2123 2591 εἷναί
2140 2565 2247 2607 φησι,
2264 2548 2407 2597 ταύτας
2429 2549 2473 2593 δὲ
2492 2551 2706 2607 Μιλησίους

349 2620 560 2676 Ιλίυκάλην
579 2647 598 2652 -
619 2620 675 2663 Mt
689 2636 777 2667 0111.
800 2620 830 2663 Ν
850 2618 893 2663 δὲ
911 2637 952 2676 μι
971 2636 1059 2666 0111.
1079 2618 1127 2675 01
1149 2619 1396 2669 ἀλλάξασθαι
1417 2620 1503 2676 πρὸς
1522 2617 1690 2675 Σαμίους
1707 2617 1985 2677 Ιπρόσσαμίουσ
2001 2618 2035 2663 0
2066 2617 2306 2676 προσαμίουσ
2324 2618 2357 2663 Ν
2381 2619 2622 2677 προσάμιουσ
2642 2620 2710 2680 M].

350 2690 462 2736 huie
494 2689 712 2745 catalogo
747 2688 874 2748 apud
908 2688 1208 2748 Stephanum
1241 2687 1299 2747 [p.
1320 2692 1419 2741 31⁶2,
1445 2688 1510 2746 15]
1543 2693 1770 2747 quattuor
1801 2687 2055 2740 adduntur,
2092 2703 2291 2747 qum-um
2325 2689 2508 2735 ultimis
2540 2691 2708 2743 tribus,

351 2759 527 2805 Thebis
562 2759 822 2804 Cataoniae
855 2759 1023 2804 Italiae
1055 2760 1236 2816 Syriae,
1282 2759 1419 2804 facile
1451 2773 1675 2803 vurmius
1738 2758 1795 2803 (10
1826 2757 1988 2804 Theba
2023 2759 2184 2804 Attica
2230 2758 2460 2804 iudicium
2507 2760 2706 2807 cohibeo

349 2844 501 2886 neque
534 2827 591 2873 de
609 2827 784 2875 Thebis
802 2827 1091 2874 Phthioticis
1123 2827 1328 2874 Homero
1362 2830 1538 2885 ignotis
1574 2826 1755 2885 aliquid
1788 2827 1938 2873 dicere
1976 2842 2174 2886 possum
2207 2826 2335 2885 quod
2367 2826 2428 2873 ad
2459 2827 2706 2876 historiam

349 2897 613 2944 sabularem
655 2902 845 2958 spectet.
909 2896 966 2942 de
1006 2895 1170 2943 Theba
1208 2896 1425 2942 Eetionis
1474 2899 1642 2942 iterum
1683 2895 1876 2942 affertur
1909 2895 2226 2942 Dicaearchus
2270 2898 2316 2942 in
2358 2897 2708 2956 subscriptione

349 2966 522 3012 scholii
552 2965 584 3007 Z
617 2966 770 3016 3961,
802 2965 886 3011 sed
918 2979 1038 3023 quae
1069 2968 1275 3011 narratio
1308 2966 1560 3023 praecedit,
1593 2980 1647 3009 00
1679 2964 1736 3010 ad
1761 2965 1926 3010 Cadmi
1959 2967 2114 3010 socios
2147 2965 2283 3010 nullo
2316 2965 2457 3011 modo
2489 2969 2705 3024 pertinet.

350 3036 495 3080 huius
527 3040 686 3078 tamen
720 3036 1006 3079 narrationis
1039 3036 1278 3092 epitomen
1312 3036 1360 3078 in
1387 3033 1691 3079 Townleiano
1724 3033 1873 3078 altera
1913 3036 2127 3091 sequitur
2157 3033 2214 3078 de
2247 3026 2460 3079 Erit-hela
2487 3040 2533 3080 01
2565 3035 2708 3086 Lebe,

350 3118 444 3161 qua
466 3118 574 3149 cum
607 3103 791 3148 scholio
815 3103 1072 3161 Euripiden
1095 3106 1350 3149 coniuncta
1382 3109 1428 3148 et
1459 3102 1697 3160 quomodo
1730 3103 2048 3148 Dicaearchus
2086 3118 2181 3148 rem
2219 3106 2480 3149 narrauerit
2513 3110 2709 3162 apparet

349 3179 396 3218 01
427 3171 666 3230 quomodo
699 3174 988 3229 subscriptio
1021 3172 1108 3217 illa
1139 3172 1261 3218 falsa
1293 3179 1395 3218 orta
1425 3175 1500 3218 sit.
1565 3172 1646 3217 sed
1683 3172 1798 3217 11000
1836 3174 2027 3218 omitto:
2071 3171 2335 3218 cavendum
2377 3175 2502 3218 enim
2543 3189 2602 3219 110
2634 3173 2707 3219 1111

349 3241 666 3288 Cadmeorum
698 3241 912 3288 coloniae
943 3243 1145 3288 nimium
1174 3243 1427 3289 tribuatur.
1491 3244 1636 3288 immo
1668 3256 1730 3288 an
1767 3255 1977 3300 unquam
2010 3240 2174 3288 Theba
2203 3240 2454 3288 Homerica
2484 3244 2706 3296 extiterit,

350 3311 491 3357 ualde
522 3311 703 3358 dubito.
766 3311 899 3368 Θήβης
931 3310 1061 3354 πεδίον
1092 3314 1219 3358 0111111
1252 3327 1309 3357 ex
1341 3313 1459 3370 ipsis
1491 3311 2074 3357 Homericis‘carminibus
2106 3326 2279 3357 nomen
2312 3313 2505 3369 accepit,
2538 3318 2585 3357 et
2614 3314 2704 3358 mi-

350 3397 454 3427 sera
485 3381 573 3426 1110
603 3380 772 3426 rudera
814 3395 935 3438 quac
967 3381 1303 3438 Adramytteni
1336 3380 1526 3426 Thebae
1567 3379 1792 3437 reliquias
1835 3395 1938 3426 esse
1967 3380 2162 3435 gloriari
2195 3380 2416 3427 solebant
2446 3379 2616 3436 [strab.
2655 3385 2707 3427 13

348 3465 392 3508 p.
425 3448 539 3506 612J,
592 3448 764 3497 Strabo
807 3451 909 3507 ipse
940 3452 1171 3498 concessit
1210 3451 1278 3496 ita
1317 3451 1410 3496 sita
1446 3463 1549 3496 esse
1588 3453 1642 3495 ut
1670 3447 1922 3495 Homerica
1960 3448 2054 3497 loci
2086 3448 2340 3507 descriptio
2386 3464 2484 3496 non
2530 3463 2704 3497 conue-
