3054 4150
296 181 352 225 14

296 304 491 362 Τηλεφάη
531 307 635 352 81110
677 305 917 363 Τηλέφασσα
959 305 1124 353 datum
1168 311 1240 353 est
1273 306 1477 361 [Moseh.
1527 308 1638 354 Eur.
1680 311 1750 354 40.
1782 311 1840 354 42
1880 307 2162 367 Apollodor.
2193 308 2265 355 ΠΙ
2297 312 2336 362 1,
2369 312 2409 362 1,
2439 311 2467 354 2
2505 306 2653 354 schol.

297 374 408 420 Eur.
433 375 612 421 Phoen.
639 379 667 420 5
696 374 841 422 Rhes.
870 380 925 422 28
958 375 1120 434 Steph.
1155 375 1267 433 Byz.
1303 390 1346 433 p.
1366 380 1466 428 306,
1502 380 1566 422 15.
1600 381 1699 430 218,
1733 381 1787 423 14
1817 377 2042 435 Harpocr.
2066 392 2110 435 p.
2138 380 2210 430 47,
2238 380 2364 423 14==
2381 375 2514 424 Suid.
2542 392 2578 423 s.
2606 391 2651 423 u.

296 443 478 500 Γαληψός
510 463 565 478 =
596 449 653 489 et.
688 459 748 489 m.
780 458 824 501 p.
843 448 943 495 219,
964 443 1058 498 47].
1118 444 1339 501 Europae
1369 458 1480 490 uero
1514 447 1564 491 in
1596 445 1865 503 Pasiphaae
1895 445 2055 492 locum
2086 447 2301 492 intrusae
2321 445 2482 494 Minos
2514 459 2654 506 quem

296 511 412 557 olim
433 512 750 557 aMinotauro
782 526 879 558 non
901 511 1144 557 diuersum
1167 511 1531 570 Pasiphaaeque
1552 512 1707 559 filium
1739 518 1792 559 ut
1822 514 1962 560 illum
1992 514 2141 560 fuisse
2172 514 2455 562 contendere
2484 513 2653 566 audeo,

298 579 417 624 alter
472 579 604 625 filius
658 579 1044 638 Sarpedonisque
1097 580 1238 624 frater
1282 582 1437 625 factus
1495 586 1566 626 est
1616 583 1684 626 ita
1729 587 1783 626 ut
1824 581 2072 627 Cretenses
2118 582 2389 640 Lyciosque
2443 582 2656 630 eiusdem

296 650 545 706 sanguinis
577 665 681 694 esse
701 649 938 706 praeclare
970 653 1227 707 appareret.
1291 648 1494 707 denique
1511 649 1914 707 Rhadamanthys
1936 663 2080 696 uerus
2104 651 2326 708 Europae
2345 651 2478 698 filius
2509 651 2656 699 simul

295 733 402 763 cum
449 722 599 764 matre
646 719 695 763 in
740 719 946 776 patriam
987 717 1158 763 falsam
1196 723 1411 776 receptus
1453 725 1537 766 est.
1599 724 1748 765 totam
1778 718 1903 764 hanc
1941 718 2154 765 fabulam
2183 732 2282 765 non
2313 722 2381 766 ita
2410 721 2654 779 explican-

298 786 407 832 dam
441 803 544 833 csse
577 789 714 845 quasi
747 803 794 833 re
826 802 939 833 uera
968 787 1107 845 Lycii
1138 802 1196 833 cx
1229 788 1369 833 Creta
1399 791 1628 841 uenerint,
1661 789 1738 834 uel
1771 788 1820 834 id
1861 788 1998 834 docet
2028 787 2156 845 quod
2186 788 2382 846 Europa
2422 791 2529 847 ipsa
2558 804 2656 836 non

297 870 355 901 ex
388 855 540 907 Creta,
571 855 655 901 sed
687 857 735 902 in
769 855 957 902 Cretam
988 855 1197 914 profecta
1228 871 1332 902 esse
1364 872 1550 917 semper
1578 856 1790 903 traditur.
1853 871 1973 915 quae
2004 859 2130 904 enim
2162 855 2220 903 de
2250 857 2446 916 Europa
2476 857 2653 917 Gorty-

299 927 380 970 nia
411 925 567 970 afferri
599 926 757 972 solent
783 926 860 981 [cs.
881 926 934 971 Ο.
954 925 1098 971 Jahn.
1117 925 1330 982 Abhdlg.
1352 926 1393 972 d.
1407 925 1560 973 Wien.
1580 926 1734 972 Akad.
1757 931 1867 973 1870
1888 941 1932 984 p.
1956 930 2012 971 24
2026 940 2096 984 sq.
2128 925 2393 974 Rossbach.
2411 926 2504 973 Rh.
2528 928 2653 974 Mus.

299 998 355 1039 44
395 1009 439 1052 p.
474 998 560 1040 433
592 994 703 1053 sq.]‚
750 996 808 1040 iis
841 996 1051 1040 caueatis
1088 1010 1148 1041 ne
1191 997 1240 1041 in
1282 1010 1482 1042 errorem
1524 995 1776 1042 ducamini.
1848 998 2000 1054 primo
2034 994 2220 1053 Gortyn
2260 996 2428 1054 procul
2466 1010 2496 1041 a
2534 997 2655 1055 mari

296 1069 394 1108 erat
425 1065 493 1108 ita
523 1070 576 1109 ut-
598 1064 792 1122 Europa
808 1079 891 1122 per
911 1078 1040 1109 mare
1073 1063 1188 1110 illuc
1220 1066 1411 1123 perferri
1442 1080 1539 1110 non
1571 1071 1746 1124 posset,
1778 1079 1897 1123 quae
1928 1079 2001 1110 res
2033 1064 2184 1112 multo
2205 1066 2397 1122 grauior
2418 1070 2490 1111 cst
2510 1079 2654 1124 quam

298 1132 502 1178 fabellae
534 1135 653 1178 istae
685 1132 742 1178 de
774 1134 973 1190 platano
1007 1134 1085 1178 uel
1123 1134 1253 1179 sonte
1290 1140 1481 1192 propter
1510 1135 1640 1179 Iouis
1673 1129 1988 1193 Europaeque
2021 1148 2229 1180 amorem
2259 1134 2457 1181 famosis
2494 1133 2571 1190 [cf.
2598 1134 2652 1180 O.

296 1201 441 1246 Jahn.
477 1216 522 1259 p.
556 1202 652 1256 25],
699 1202 870 1248 deinde
917 1202 1031 1249 deae
1073 1201 1206 1248 illius
1250 1203 1508 1260 Gortyniae
1548 1218 1723 1249 nomen
1749 1202 1942 1251 Ἱτίλλωτίς
1981 1205 2085 1249 81110
2108 1201 2311 1246 “Ι·]λλωτία
2348 1209 2447 1249 erat
2487 1203 2563 1260 [cf.
2598 1203 2653 1249 O.

296 1270 440 1316 Jahn.
474 1271 503 1316 1.
537 1271 598 1325 e]
645 1271 773 1329 quod
812 1277 859 1317 et.
897 1287 993 1330 qua
1033 1271 1090 1318 de
1121 1286 1266 1318 eausa
1298 1277 1344 1317 et
1373 1287 1433 1317 an
1471 1278 1592 1317 recte
1623 1287 1652 1317 a
1681 1274 2006 1329 grammaticis
2052 1273 2292 1319 ueteribus
2323 1271 2384 1318 ad
2414 1272 2655 1332 Europam

297 1339 500 1385 relatum
533 1343 610 1391 sit,
644 1343 874 1390 nescitur:
917 1341 1120 1398 denique
1150 1357 1373 1386 nummos
1406 1341 1515 1385 illos
1546 1343 1717 1388 aetatis
1749 1343 2022 1386 recentioris
2055 1342 2230 1400 quibus
2261 1341 2376 1387 deae
2406 1341 2655 1388 cuiusdam

297 1409 480 1464 effigies
514 1425 656 1466 quam
689 1410 989 1465 arehaeologi
1007 1410 1247 1467 Europam
1282 1410 1431 1455 dicere
1463 1410 1620 1455 solent
1646 1412 1694 1454 in
1716 1409 1913 1467 platano
1946 1409 2091 1455 simul
2113 1425 2221 1456 cum
2244 1410 2406 1469 aquila
2425 1413 2658 1470 impressa

298 1483 370 1523 est
406 1479 482 1533 les.
518 1479 780 1525 Rossbach.
814 1480 843 1524 l.
880 1479 959 1533 (’.Ι,
991 1479 1049 1523 ad
1083 1479 1275 1524 fabulae
1307 1479 1515 1534 uolgaris
1558 1485 1603 1523 et.
1633 1478 1786 1524 multo
1819 1481 2103 1536 antiquioris
2135 1480 2502 1537 explicationem
2533 1480 2657 1526 nihil

299 1548 508 1593 conferre
535 1554 743 1606 apparet.
806 1550 951 1594 immo
984 1548 1219 1606 siquidem
1253 1550 1434 1594 nummi
1459 1548 1683 1605 Gortynii
1707 1553 1752 1593 et
1778 1547 1993 1594 l'haestii
2024 1549 2315 1606 antiquiores
2348 1573 2401 1580 —
2424 1549 2541 1595 haec
2573 1552 2657 1596 uni

296 1616 598 1662 Rossbachio
640 1617 787 1663 debeo
827 1616 1022 1675 ‘propter
1064 1617 1383 1664 bibliothecae
1425 1623 1614 1662 nostrae
1655 1622 1816 1662 notam
1855 1632 2008 1675 neque
2040 1622 2200 1663 tamen
2232 1619 2350 1663 satis
2382 1623 2547 1664 notam
2578 1620 2652 1664 in-

298 1688 455 1743 opiam
474 1711 524 1716 —
546 1686 766 1744 Europae
799 1701 825 1732 a
857 1693 992 1732 tauro
1024 1692 1186 1744 raptae
1209 1689 1414 1743 imagine
1438 1687 1743 1738 ornabantur,
1774 1686 2036 1732 clarissime
2058 1686 2169 1732 hinc
2187 1685 2435 1732 Cretenses
2459 1692 2656 1746 apparet

296 1771 355 1801 ne
399 1758 530 1813 ipsos
579 1756 770 1814 quidem
802 1758 1023 1814 Europae
1071 1759 1301 1813 originem
1349 1758 1441 1802 sibi
1479 1756 1765 1808 uindicasse,
1811 1756 1894 1802 sed
1933 1757 2224 1803 carminibus
2271 1758 2417 1814 epicis
2458 1771 2567 1803 cum
2598 1756 2655 1802 de

297 1825 517 1883 Europae
557 1828 722 1871 itinere
753 1828 1074 1884 loquerentur,
1106 1826 1250 1872 fidem
1283 1828 1521 1872 tribuisse.
1584 1828 1875 1872 carminibus
1918 1827 2063 1883 epicis
2105 1825 2319 1872 fabulam
2349 1826 2510 1872 deberi
2541 1825 2656 1878 dixi,

297 1897 521 1952 quoniam
556 1897 598 1939 ei
629 1898 704 1940 cui
737 1895 866 1941 3321
888 1910 954 1954 sq.
990 1895 1235 1949 debentur,
1268 1901 1383 1942 nota
1414 1896 1562 1940 fuisse
1584 1895 1794 1947 uidetur;
1824 1894 1995 1941 scholii
2027 1896 2153 1941 enim
2186 1894 2227 1938 M
2245 1897 2331 1941 292
2361 1895 2657 1954 subscriptor

295 1980 402 2010 cum
446 1965 695 2011 adnotaret
739 1965 764 2021 ἡ
801 1965 947 2022 ἱστορία
985 1965 1072 2022 παρ’
1102 1965 1296 2009 Ἡσιόόωι
1337 1964 1402 2008 καὶ
1435 1965 1679 2023 Βακχυλίόηι
1709 1965 1907 2012 Hesiodi
1948 1979 2122 2011 nomen
2164 1979 2222 2011 ex
2259 1964 2442 2011 scholio
2484 1964 2653 2011 Town-

293 2035 452 2080 leiano
495 2035 705 2080 eiusdem
748 2050 915 2081 uersus
941 2034 1127 2083 Ἡσίοδος
1164 2035 1208 2077 δὲ
1244 2034 1431 2092 Enipeum
1473 2034 1538 2077 καὶ
1571 2036 1659 2083 Διὸς
1690 2034 1805 2077 αὐτόν
1838 2051 1953 2092 φησιν
1984 2034 2271 2092 desumpsit;
2303 2049 2331 2080 a
2360 2035 2501 2082 nobis
2527 2034 2656 2093 apud

299 2103 594 2149 Simonidem
632 2105 736 2160 lsi-g.
770 2105 848 2159 281
883 2108 1089 2162 primum
1122 2111 1289 2150 taurus
1333 2104 1526 2150 diuinus
1559 2105 1799 2162 Europam
1839 2106 2027 2162 rapiens
2067 2105 2321 2150 inuenitur.
2384 2103 2511 2150 unde
2542 2118 2654 2150 uero

295 2173 490 2231 Europa
522 2173 709 2219 Cretam
742 2173 969 2232 perducta
999 2177 1099 2220 est?
1160 2173 1287 2232 quod
1321 2173 1510 2231 Tyriam
1544 2188 1645 2219 eam
1679 2175 1824 2219 fuisse
1856 2173 1966 2219 inde
1998 2187 2026 2218 a
2055 2172 2246 2220 saeculo
2286 2175 2453 2231 quinto
2488 2172 2656 2220 Graeci

295 2242 545 2295 credidere,
592 2244 683 2287 hoc
720 2250 911 2300 propter
957 2244 1128 2288 falsam
1172 2246 1607 2300 interpretationem
1647 2246 1855 2288 nominis
1886 2243 2139 2288 Phoenicii
2173 2243 2350 2288 factum
2388 2257 2491 2288 esse
2528 2242 2653 2288 uidi-

295 2326 424 2359 mus:
456 2314 625 2355 erroris
659 2326 769 2356 uero
803 2319 1018 2357 auctores
1051 2313 1190 2357 Iones
1224 2313 1371 2356 fuisse
1403 2311 1676 2356 crediderim
1711 2312 1888 2356 saeculi
1922 2313 2045 2356 sexti
2068 2311 2353 2356 Graecarum
2385 2311 2655 2357 fabularum

295 2379 593 2425 adversarios
633 2383 882 2425 acerrimos
924 2382 1329 2438 barbarorumque
1371 2383 1625 2425 uetustatis
1668 2380 1989 2425 admiratores
2054 2380 2167 2437 quid
2199 2394 2311 2425 uero
2345 2381 2503 2426 obstat
2533 2395 2652 2438 quo-

295 2452 455 2495 minus
488 2449 730 2508 Europam
762 2453 810 2495 in
844 2452 1054 2509 antiquis
1086 2451 1378 2496 carminibus
1410 2465 1465 2495 ex
1493 2449 1755 2495 Phoenicia
1787 2452 1887 2507 rapi
1919 2451 1987 2495 ita
2018 2448 2240 2495 traditam
2272 2464 2376 2495 esse
2407 2449 2654 2496 credamus

295 2525 349 2564 ut
381 2520 641 2566 Phoenicia
673 2520 859 2565 Cariam
892 2520 1185 2578 Lyciamque
1218 2519 1487 2576 significet?
1549 2522 1642 2565 iam
1683 2518 1809 2577 quod
1842 2519 2084 2577 Europam
2116 2518 2240 2576 Tyro
2273 2519 2476 2573 Cretam,
2515 2519 2657 2566 Creta

295 2593 344 2634 in
376 2590 576 2646 Lyciam
609 2592 798 2634 uenisse
829 2589 1102 2635 Herodotus
1135 2590 1271 2642 dixit,
1319 2592 1420 2647 ipse
1453 2589 1534 2634 ille
1566 2589 1656 2634 hoc
1688 2588 1811 2634 nihil
1843 2589 1975 2634 aliud
2007 2588 2275 2645 significare
2302 2603 2403 2636 -non
2435 2589 2652 2636 animad-

295 2661 437 2704 vertit
475 2661 568 2703 nisi
601 2660 844 2716 Europam
887 2675 944 2704 ex
977 2659 1127 2717 Lycia
1159 2660 1348 2703 Cretam
1380 2662 1623 2714 migrasse,
1663 2665 1763 2703 tum
1808 2661 1857 2703 in
1887 2661 2091 2716 patriam
2122 2658 2329 2704 rediisse.
2392 2661 2493 2704 eius
2524 2659 2655 2704 modi

295 2729 659 2786 repetitionibus
682 2728 774 2772 fere
803 2743 988 2787 semper
1020 2728 1066 2773 id
1098 2727 1237 2786 prodi
1268 2734 1471 2777 constat,
1504 2727 1695 2773 fabulae
1727 2726 1914 2772 cuidam
1946 2729 2172 2785 antiquae
2203 2741 2382 2773 nouam
2414 2732 2460 2772 et
2491 2741 2549 2773 ex
2581 2726 2653 2772 di-

295 2812 432 2841 uerso
465 2799 615 2842 totius
648 2800 775 2841 uitae
797 2812 850 2841 ac
873 2812 1024 2842 rerum
1060 2803 1189 2842 statu
1223 2804 1373 2842 ortam
1406 2803 1569 2841 eontra
1600 2799 1756 2854 ipsum
1779 2799 2002 2854 antiquae
2034 2795 2167 2841 illius
2200 2810 2395 2841 sensum
2426 2809 2480 2840 ac
2511 2795 2654 2841 finem

295 2869 519 2912 insertam
554 2881 668 2911 esse.
730 2868 862 2923 atqui
894 2866 1011 2911 hacc
1043 2866 1207 2911 fabula
1239 2868 1375 2911 euius
1409 2881 1534 2910 unus
1557 2864 1667 2910 finis
1699 2871 1742 2910 01
1765 2880 1935 2910 sensus
1957 2865 2105 2909 fuisse
2139 2867 2274 2909 uisus
2307 2870 2379 2909 est
2409 2870 2463 2909 ut
2479 2864 2654 2922 Lycios

296 2936 506 2981 Creticae
537 2937 563 2981 i.
600 2950 635 2980 0.
671 2949 779 2981 uere
812 2935 1018 2981 Graecae
1051 2937 1247 2992 originis
1281 2950 1384 2981 esse
1418 2935 1699 2993 probaretur
1734 2959 1782 2964 -
1817 2933 1944 2992 quod
1978 2932 2248 2979 Herodotus
2282 2932 2396 2980 olim
2426 2933 2654 2980 barbaros

295 3005 481 3050 Cretam
515 3018 772 3062 occupasse
804 3006 980 3058 scribit,
1027 3004 1268 3051 doctrinae
1311 3004 1508 3050 debetur
1538 3004 1724 3049 lonicae
1763 3007 1896 3049 sexto
1940 3003 2129 3050 saeculo
2162 3017 2260 3049 non
2292 3005 2551 3061 antiquiori
2580 3028 2650 3056 —,

295 3075 410 3120 haec
448 3076 594 3131 igitur
640 3074 805 3120 sabula
846 3075 893 3119 in
942 3074 1134 3120 illarum
1180 3076 1396 3131 gentium
1428 3074 1693 3133 Ionicarum
1731 3088 1872 3119 usum
1914 3073 2181 3129 excogitata
2219 3076 2292 3118 est
2327 3087 2448 3131 quae
2478 3072 2655 3131 Lyciae

296 3146 492 3199 originis
525 3158 628 3189 esse
660 3158 757 3189 non
790 3146 893 3189 sine
926 3146 1276 3202 uituperatione
1308 3143 1586 3189 dicebantur
1611 3142 1802 3198 [Herod.
1826 3147 1863 3193 1,
1888 3141 2008 3196 1461.
2050 3142 2234 3200 Ephori
2266 3147 2418 3188 aetate
2449 3156 2503 3188 ea
2533 3143 2653 3188 ratio

295 3212 412 3259 adeo
446 3213 634 3259 fabulas
667 3215 935 3270 antiquitus
968 3213 1167 3258 traditas
1200 3215 1377 3258 uicerat
1409 3218 1452 3256 01
1483 3217 1771 3270 peruerterat
1802 3216 1856 3256 ut
1877 3211 2097 3257 Miletum
2129 3213 2293 3257 urbem
2326 3212 2384 3257 ab
2418 3213 2523 3269 ipso
2542 3211 2652 3256 Sar-

293 3281 478 3340 pedone
510 3281 724 3328 coloniae
758 3282 966 3328 Creticae
999 3281 1116 3328 duce
1148 3282 1388 3327 conditam
1421 3296 1525 3327 esse
1566 3279 1648 3326 ille
1680 3281 1867 3326 referret
1901 3279 2078 3335 lStrab.
2115 3284 2167 3325 14
2197 3295 2241 3338 p.
2275 3283 2372 3327 634.
2409 3283 2462 3325 12
2492 3295 2536 3338 p.
2569 3283 2655 3325 573

295 3350 442 3396 schol.
477 3350 637 3409 Apoll.
672 3352 784 3406 Arg.
823 3355 859 3401 1.
895 3351 1013 3407 1851.
1076 3353 1218 3397 0110111
1250 3353 1431 3397 minore
1452 3349 1546 3396 fide
1578 3349 1748 3406 dignae
1781 3375 1832 3380 —-
1855 3349 1974 3396 fides
2007 3351 2134 3395 enim
2164 3348 2433 3396 fabularum
2467 3363 2655 3408 quoque

294 3423 397 3467 siue
434 3426 506 3467 est
545 3423 648 3467 siue
686 3434 784 3468 non
815 3427 888 3467 est
924 3446 975 3451 —
1008 3421 1211 3468 fabellae
1242 3421 1354 3467 illae
1386 3426 1499 3467 sunt
1531 3434 1650 3477 quae
1683 3419 1739 3466 de
1776 3420 1941 3466 Mileto
1981 3420 2196 3466 Cretensi
2225 3419 2382 3466 Mileti
2411 3417 2654 3477 conditore
