3054 4150
2102 279 2117 308 ι
2286 271 2291 275 “
2661 262 2716 305 15

361 384 588 442 leguntur
616 383 746 444 apud
775 383 1055 444 Apollodor.
1088 385 1159 432 ΙΠ
1190 389 1230 438 1,
1260 387 1288 432 2
1318 383 1466 432 801101.
1499 383 1657 444 Apoll.
1690 385 1802 441 Arg.
1839 388 1877 437 1,
1911 387 1994 430 185
2024 384 2259 431 Parthen:
2282 388 2332 431 11
2366 385 2596 432 Antonin.
2629 385 2712 432 Li-

360 453 504 500 beral.
536 458 594 500 30
629 455 833 499 Pausan.
868 459 909 506 7,
945 459 987 503 2.
1023 459 1052 500 5
1097 455 1236 500 Ouid.
1278 460 1385 500 met.
1418 459 1460 505 9,
1490 458 1574 500 443
1605 469 1672 511 sq.
1717 455 1864 500 schol.
1905 455 2104 511 Dionys.
2139 454 2240 498 Per.
2273 458 2359 499 825
2400 454 2562 512 Steph.
2596 456 2710 513 Byz.

359 537 405 581 p.
441 526 537 577 188,
571 527 625 569 13
668 523 824 569 Nonn.
860 528 927 576 13,
959 526 1055 570 233.
1089 524 1379 581 .fuisse.qui
1409 523 1620 569 Minoem
1651 523 1972 580 Sarpedonem
1993 522 2404 580 Rhadamanthyn
2440 524 2636 580 Lycasti
2667 531 2714 570 et

359 591 473 637 Idae
502 591 630 638 filios
662 592 835 638 diceret
869 592 1038 647 [schol.
1071 593 1215 638 Rhes.
1250 596 1305 638 28
1334 593 1395 637 cf.
1429 592 1565 637 Diod.
1599 596 1641 643 4,
1672 595 1742 643 60,
1772 593 1839 646 31,
1879 606 2246 638 00111111811101818
2286 592 2499 637 sufficiet.
2561 608 2713 650 neque

361 659 500 718 Lycii
530 665 733 715 tantum,
764 659 848 707 sed
865 659 1008 707 Cares
1040 675 1230 719 quoque
1260 675 1368 706 cum
1390 660 1693 706 Cretensibus
1716 660 2065 718 quodammodo
2088 656 2329 707 coniuncti
2350 667 2474 707 sunt.
2537 663 2710 718 Atym-

361 730 495 775 nium
526 743 665 788 quem
698 730 850 776 Minoi
880 735 927 775 et
957 729 1221 788 Sarpedoni
1252 732 1380 775 rixae
1410 743 1604 775 causam
1634 730 1911 787 praebuisse
1938 729 2441 788 Pseudoapollodorus
2476 730 2568 786 [ΙΠ
2602 736 2639 784 1,
2671 735 2711 783 2,

315 835 320 840 .
361 798 410 854 3]
444 805 793 854 commemorat,
826 813 854 845 a
885 798 1134 857 Gortyniis
1165 813 1250 857 pro
1284 799 1505 857 Europae
1535 800 1675 845 fratre
1705 799 1885 845 cultum
1917 814 2020 845 esse
2051 799 2248 846 Solinus
2284 800 2376 855 111,
2407 804 2435 846 9
2465 800 2519 846 cf.
2554 800 2709 846 Nonn.

364 871 431 920 19,
465 867 569 924 182]
618 873 792 922 1181181,
832 882 931 914 11011
962 868 1235 914 Cretensem
1276 868 1361 913 sed
1393 868 1557 914 Carem
1595 868 1743 913 fuisse
1775 867 1831 913 H.
1866 869 1919 912 D.
1953 868 2127 914 Miiller
2171 869 2215 924 [Ι
2245 882 2289 926 p.
2322 869 2430 923 3101
2473 869 2711 927 praeclare

361 934 719 982 demonstrauit.
782 952 890 983 cum
920 936 1192 983 Herodotus
1238 939 1300 993 [1,
1336 937 1439 992 1721
1488 943 1535 981 81
1564 936 1870 993 Thucydides
1907 938 1969 992 [1,
2000 943 2037 981 4.
2074 938 2122 992 81
2175 938 2316 983 Cares
2363 939 2479 984 olim
2523 938 2709 984 insulas

359 1008 571 1051 tenuisse
602 1012 648 1052 et
677 1006 831 1052 Minoi
861 1007 1101 1052 subiectos
1133 1006 1280 1052 fuisse
1310 1005 1620 1052 tradidissent
1649 1030 1707 1036 —
1739 1005 1848 1051 inde
1879 1021 1914 1050 e.
1945 1021 1987 1062 g.
2021 1007 2290 1065 explicandi
2306 1006 2708 1066 Rhadamanthys

360 1075 557 1134 eiusque
587 1074 678 1120 filii
708 1075 977 1140 conditores
1009 1075 1276 1121 insularum
1311 1075 1556 1133 [Apollod.
1589 1075 1661 1121 III
1695 1080 1733 1127 1,
1764 1079 1804 1127 2,
1837 1079 1863 1120 3
1896 1075 2032 1119 Diod.
2067 1080 2107 1128 ἴ),
2126 1077 2201 1130 791
2222 1101 2291 1124 -,
2322 1077 2569 1122 Cretenses
2600 1091 2709 1121 cum

361 1144 563 1191 Caribus
593 1146 855 1203 permixtos
886 1146 1033 1190 Asiae
1065 1160 1196 1191 oram
1236 1150 1346 1190 ante
1376 1145 1514 1190 Iones
1546 1145 1790 1190 habitasse
1822 1144 2046 1202 Ephorus
2083 1151 2128 1189 et
2158 1145 2241 1189 alii
2273 1145 2495 1190 dixerunt
2529 1147 2706 1202 [Sti-ab.

362 1217 416 1258 12
445 1228 489 1272 p.
523 1217 608 1260 573
645 1214 786 1261 Ρ8118.
822 1219 862 1266 7,
893 1218 932 1267 2,
965 1218 1004 1258 5.
1047 1218 1087 1267 3,
1119 1219 1157 1260 7.
1206 1213 1343 1259 Diod.
1377 1218 1418 1266 5,
1450 1214 1541 1269 791.
1613 1213 1753 1258 Ιο1188
1795 1214 2024 1259 uxoribus
2058 1213 2234 1258 Caricis
2277 1229 2389 1260 usos
2421 1229 2525 1260 esse
2555 1216 2705 1261 Hero-

360 1282 503 1328 dotus
534 1288 698 1329 auctor
728 1288 801 1329 est
835 1284 898 1338 [1,
932 1286 1014 1329 146
1045 1283 1098 1328 cf.
1131 1284 1361 1329 Antonin.
1395 1284 1499 1329 Lib.
1532 1283 1628 1338 30],
1661 1282 1743 1327 sed
1775 1282 1963 1328 fabulas
1996 1297 2116 1340 quae
2156 1283 2249 1328 huc
2288 1286 2541 1341 respiciant
2581 1286 2705 1329 anti-

361 1366 479 1409 quas
517 1352 732 1398 nondum
778 1354 952 1398 inueni.
1023 1352 1265 1398 Idomenei
1309 1355 1433 1398 enim
1481 1352 1770 1410 Colophonii
1810 1354 1940 1408 origo
1981 1353 2163 1398 Cretica
2201 1352 2346 1397 simili
2397 1368 2510 1398 sane
2556 1369 2707 1411 neque

360 1426 520 1467 tamen
551 1420 717 1468 eadem
747 1423 932 1468 ratione
963 1420 1245 1480 explicanda
1275 1428 1356 1468 est.

568 1489 662 1537 Sed
693 1492 968 1537 omittamus
999 1491 1241 1550 Europam
1271 1491 1406 1537 illam
1438 1491 1669 1537 Creticam
1715 1490 1886 1536 falsam
1918 1496 1964 1536 et
1994 1490 2152 1536 fictam
2184 1496 2230 1536 81
2259 1489 2320 1536 ad
2351 1505 2508 1536 veram
2537 1494 2704 1548 genui-

360 1574 565 1619 namque
594 1559 854 1607 redeamus.
918 1560 975 1607 de
1006 1560 1200 1620 Europa
1229 1563 1440 1606 carmina
1468 1575 1600 1617 egere
1630 1566 1678 1607 et
1698 1563 1883 1619 epicum
1907 1559 2112 1617 Εὐρώπεια
2143 1559 2452 1618 appellatum.
2483 1562 2585 1606 sine
2607 1560 2708 1607 ulla

362 1629 455 1676 fide
486 1632 536 1676 in
569 1630 742 1676 scholii
772 1630 804 1673 Z
838 1634 916 1676 131
949 1631 1297 1688 subscriptione
1318 1630 1519 1675 Eumelo
1552 1630 1858 1688 adscriptum,
1890 1637 1934 1674 81
1955 1629 2159 1687 lyricum
2177 1629 2447 1675 Stesichori.
2501 1630 2557 1675 de
2589 1633 2706 1689 epici

360 1701 582 1744 carminis
614 1705 891 1756 argumento
925 1701 1087 1745 omnia
1116 1701 1293 1744 incerta
1322 1704 1369 1744 et
1400 1699 1612 1752 obscura,
1644 1699 1774 1758 apud
1806 1699 2131 1744 Stesichorum
2163 1713 2375 1757 pugnam
2403 1698 2569 1744 Cadmi
2600 1715 2705 1745 cum

360 1768 543 1827 Spartis
575 1774 813 1815 narratam
853 1785 956 1815 esse
991 1768 1067 1826 [cf.
1101 1762 1185 1827 frg.
1222 1768 1297 1824 151
1343 1774 1539 1815 00118181.
1604 1769 1849 1815 oraculum
1892 1784 1920 1813 a
1949 1769 2127 1826 Pythia
2158 1767 2338 1815 Cadmo
2365 1768 2546 1820 datum,
2578 1769 2705 1828 quod

358 1838 532 1894 legitur
562 1839 711 1886 schol.
734 1839 1042 1885 Ε111.Ρ110811.
1061 1842 1161 1891 638,
1191 1839 1553 1897 mythographis
1586 1845 1755 1891 notum
1787 1840 1934 1884 fuisse
1966 1845 2009 1883 01
2040 1839 2130 1884 1100
2162 1838 2381 1884 scholion
2413 1838 2549 1885 docet
2579 1839 2705 1897 quod

360 1908 639 1966 compendio
670 1909 898 1954 historiae
929 1908 1158 1954 fabularis
1191 1908 1349 1954 deberi
1379 1914 1564 1955 constat
1595 1914 1641 1954 et
1672 1909 1939 1954 Pausaniae
1975 1909 2038 1963 19.
2069 1911 2135 1959 12,
2166 1909 2210 1962 1]
2247 1908 2705 1966 Pseudoapollodori

364 1979 456 2034 [ΠΙ
485 1983 526 2032 4,
560 1983 599 2032 1,
634 1983 669 2024 l.
703 1978 751 2034 2]
786 1978 969 2036 Hygini
1013 1979 1118 2034 [178
1156 1978 1210 2024 cf.
1249 1978 1482 2036 mythogr.
1516 1978 1620 2025 Vat.
1657 1983 1696 2028 1.
1740 1983 1822 2024 149
1853 1999 1908 2014 =
1939 1982 1979 2031 2,
2013 1979 2065 2023 77
2100 1999 2152 2013 --
2185 1978 2397 2024 Lactant.
2437 1979 2530 2025 fab.
2572 1979 2700 2034 3,11

359 2048 693 2107 paraphrases,
740 2063 1001 2106 uersusque
1047 2048 1158 2094 illos
1202 2057 1260 2094 ex
1306 2050 1500 2106 antiquo
1541 2051 1748 2094 carmine
1795 2048 2071 2106 desumptos
2111 2063 2214 2093 esse
2256 2063 2351 2093 non
2395 2049 2705 2107 improbabile

360 2117 566 2170 uidetur;
598 2117 738 2175 quale
768 2133 881 2163 uero
912 2117 962 2162 id
983 2132 1172 2163 carmen
1193 2118 1346 2171 fuerit,
1377 2120 1485 2163 sciri
1506 2121 1680 2176 nequit.
1743 2118 1825 2163 sed
1857 2118 1954 2162 alia
1975 2123 2021 2162 et
2042 2119 2241 2164 certiora
2271 2124 2385 2162 sunt
2406 2124 2452 2163 et
2470 2121 2700 2173 grauiora.

360 2185 594 2232 Cadmum
638 2191 895 2245 postquam
927 2186 1124 2245 Spartos
1163 2189 1370 2240 uicisset,
1415 2187 1723 2233 Harmoniam
1762 2188 1927 2233 Maitis
1967 2187 2117 2232 filiam
2163 2189 2345 2245 nuptiis
2391 2187 2702 2233 celeberrimis

360 2254 461 2300 deis
491 2257 822 2313 praesentibus
855 2256 1050 2302 duxisse
1081 2257 1225 2312 uolgo
1258 2263 1496 2302 narratum
1528 2263 1626 2302 crat
1655 2273 1753 2303 non
1785 2257 1942 2302 solum
1975 2262 2084 2301 ante
2115 2256 2438 2312 Theognidem
2473 2257 2589 2311 [151.
2620 2257 2701 2301 sed

360 2326 503 2370 etiam
544 2329 655 2370 ante
693 2325 937 2381 catalogos
969 2325 1231 2372 Hesiodeos
1268 2327 1444 2381 [theog.
1478 2330 1572 2371 937.
1605 2327 1729 2380 9751.
1793 2329 1886 2371 18111
1927 2341 2036 2370 11810
2070 2325 2348 2382 Spartorum
2386 2325 2575 2370 fabulae
2604 2328 2700 2382 pri-

360 2395 558 2439 mariam
588 2393 789 2440 formam
820 2394 1093 2451 Aeschylus
1130 2394 1278 2452 [Sept.
1312 2395 1418 2441 adu.
1451 2395 1593 2441 Τ1181).
1610 2396 1718 2449 3951
1759 2397 1926 2450 tetigit,
1966 2396 2177 2440 seruauit
2212 2394 2521 2451 Pherecydes,
2563 2409 2700 2451 quem

360 2467 544 2520 praeter
573 2462 877 2509 Hellanicum
926 2463 1095 2519 [schol.
1135 2465 1296 2523 Apoll.
1335 2465 1447 2522 Arg.
1486 2469 1526 2517 3,
1567 2464 1700 2519 1186]
1743 2479 1906 2511 omnes
1946 2466 2097 2510 secuti
2134 2470 2261 2515 sunt,
2301 2478 2496 2509 narrans
2537 2464 2704 2510 haecce

364 2531 534 2587 [schol.
567 2531 728 2590 Apoll.
771 2534 884 2589 Arg.
918 2538 957 2587 3,
994 2537 1104 2579 1179
1144 2535 1198 2580 of.
1230 2534 1455 2592 Apollod.
1489 2533 1556 2579 III
1585 2538 1627 2586 4,
1663 2539 1699 2587 1,
1732 2534 1805 2589 5]:
1853 2532 1918 2576 καὶ
1955 2533 1975 2575 ὁ
2009 2533 2168 2589 Κάδμος
2205 2533 2343 2577 αὐτίκα
2381 2533 2526 2590 σπείρει
2564 2533 2703 2581 αὐτοὺς

359 2601 413 2649 εἰς
442 2601 510 2658 τήν
540 2597 708 2659 ἄρουραν
729 2598 876 2660 Ἄρεως
906 2601 1158 2651 κελεύσαντος
1188 2602 1255 2646 καὶ
1286 2602 1403 2646 αὐτῶ.
1434 2603 1673 2661 ἀναφύονται
1702 2602 1838 2646 πολλοὶ
1869 2601 2003 2660 ἄνδρες
2033 2603 2275 2659 ὡπλισμένοι.
2320 2603 2341 2644 ὁ
2372 2603 2415 2645 δὲ
2439 2603 2596 2658 Κάδμος
2627 2603 2703 2644 δεί-

360 2687 429 2718 σας
458 2670 596 2727 βάλλει
626 2670 765 2720 αὐτοὺς
795 2671 968 2715 λίθοισιν.
1012 2672 1048 2714 οἱ
1079 2671 1122 2714 δὲ
1153 2673 1350 2721 δοκέοντες
1378 2672 1438 2729 ὑφ’
1474 2675 1618 2715 ἑκυτῶν
1648 2673 1867 2730 βάλλεσθαι
1897 2673 2119 2729 κρατέουσιν
2149 2672 2342 2727 ἀλλήλους
2371 2671 2436 2715 καὶ
2461 2672 2702 2728 θνήισκουσιν

358 2740 458 2796 πλὴν
487 2741 601 2782 πέντε
631 2739 777 2798 ἀνδρῶν
807 2739 977 2784 Οὐδαίου
1007 2739 1073 2782 καὶ
1102 2740 1274 2784 Χθονίου
1305 2740 1370 2784 καὶ
1388 2741 1567 2799 Ἐχίονος
1597 2740 1663 2784 καὶ
1682 2742 1864 2798 Πέλωρος
1894 2740 1959 2784 καὶ
1978 2742 2250 2798 ζΥττερῆνορος,
2283 2740 2345 2783 καὶ
2377 2741 2514 2789 αὐτούς
2544 2741 2703 2796 Κάδμος

359 2810 526 2852 ποιεῖται
555 2808 724 2858 πολίτας.
783 2825 879 2868 pax
917 2813 1062 2866 igitur
1102 2817 1149 2855 et
1185 2811 1435 2857 concordia
1475 2811 1736 2857 discordias
1774 2818 1820 2856 81
1855 2811 2035 2858 bellum
2078 2818 2263 2856 secutae
2294 2812 2383 2855 sub
2416 2811 2701 2855 Harmoniae

358 2877 526 2924 Martis
572 2877 701 2925 filiae
745 2878 899 2936 figura
942 2881 1188 2938 perspicue
1227 2879 1356 2933 latet,
1403 2879 1615 2926 aduenae
1653 2880 1902 2937 indigenas
1949 2880 2059 2926 dolo
2106 2885 2380 2938 superantes
2426 2885 2701 2936 partemque

359 2962 521 2993 eorum
553 2949 602 2993 in
633 2950 841 2994 ciuitatis
874 2948 1073 2994 formam
1094 2948 1358 3006 redigentes
1390 2950 1479 2995 sub
1503 2948 1681 2995 Cadmo
1713 2955 1825 3007 post
1841 2948 2120 3008 Spartorum
2152 2951 2396 2994 uictoriam
2414 2947 2701 2997 Harmoniae

359 3019 572 3074 coniuge.
634 3033 804 3063 88118118
836 3020 981 3075 igitur
1011 3018 1215 3078 finisque
1246 3019 1391 3065 huius
1422 3021 1712 3064 matrimonii
1750 3034 1807 3064 ex
1839 3033 2000 3064 earum
2040 3022 2311 3077 nuptiarum
2347 3020 2701 3075 comparatione

359 3089 582 3142 cognosci
612 3086 751 3133 debet
792 3102 912 3146 quas
944 3088 1072 3147 apud
1102 3089 1474 3147 Aristophanem
1505 3087 1746 3146 Trygaeus
1785 3103 1891 3133 cum
1924 3089 2058 3140 Pace,
2102 3089 2427 3132 Pisthetacrus
2459 3102 2567 3133 cum
2599 3088 2699 3133 Do-

358 3157 620 3202 minatione
658 3156 908 3202 celebrant.
971 3158 1189 3204 similiter
1226 3159 1283 3203 de
1320 3158 1396 3203 his
1428 3157 1849 3203 Wilamowitzium
1892 3158 2095 3202 iudicare
2133 3172 2228 3201 11011
2265 3160 2366 3202 81118
2396 3157 2573 3213 gaudio
2605 3157 2699 3213 legi

363 3224 496 3278 [Eur.
528 3225 636 3271 Her.
665 3231 683 3270 1
718 3241 762 3285 p.
782 3226 915 3282 315];
947 3226 1064 3272 talia
1093 3243 1204 3273 uero
1236 3243 1333 3275 non
1365 3242 1424 3273 ex
1453 3226 1620 3286 populi
1652 3230 1985 3285 superstitione
2017 3241 2216 3272 crescere
2247 3225 2330 3270 scd
2362 3228 2506 3271 unius
2538 3229 2699 3272 cuius-

359 3291 469 3339 dam
499 3300 666 3352 poetae
696 3297 886 3351 ingenio
919 3298 1064 3342 creari
1094 3312 1233 3342 nemo
1266 3299 1434 3356 opinor
1464 3297 1671 3353 negabit,
1718 3301 1858 3355 atque
1889 3303 2051 3354 poetae
2089 3311 2185 3341 non
2217 3294 2474 3340 admodum
2507 3299 2698 3341 uetusti.

358 3361 588 3409 accedunt
623 3364 730 3409 alia.
792 3380 966 3411 nomen
997 3365 1277 3425 Spartorum
1314 3366 1431 3412 adeo
1470 3380 1576 3410 cum
1617 3368 1722 3425 ipsa
1759 3365 1922 3410 fabula
1959 3367 2163 3409 concinit
2201 3371 2253 3409 ut
2284 3364 2463 3413 fictum.
2510 3379 2606 3410 non
2642 3380 2701 3411 ex

357 3432 467 3488 ipsa
502 3432 704 3480 historia
744 3434 1050 3494 desumptum
1091 3451 1195 3481 esse
1234 3442 1473 3495 appareat,
1518 3434 1642 3480 idem
1684 3434 1813 3480 ualet
1858 3434 1915 3479 de
1952 3435 2225 3481 nominibus
2264 3436 2475 3493 quinque
2507 3434 2700 3482 illorum

359 3498 653 3558 Spartorum,
684 3504 741 3550 de
773 3506 948 3563 quibus
979 3505 1115 3551 nulla
1143 3520 1261 3562 gens
1287 3505 1515 3553 Thebana
1545 3507 1771 3562 originem
1803 3519 1937 3550 suam
1974 3503 2182 3549 deduxit.
2246 3504 2476 3550 Echionis
2510 3505 2700 3563 quidem
