3054 4150
540 1358 675 1430 Inter
705 1388 1002 1432 comitiorum
1046 1386 1210 1431 turbas
1243 1385 1480 1431 taediosas
1517 1386 1607 1432 1130
1639 1400 1742 1437 1108,
1779 1386 2125 1432 commilitones
2156 1386 2510 1437 humanissimi,
2550 1400 2675 1431 com-

333 1457 624 1501 ment-atione
672 1453 732 1499 ad
776 1455 937 1500 studia.
983 1457 1220 1501 semestris
1257 1457 1429 1501 aestiui
1465 1457 1738 1501 inuitamuS.
1810 1457 2085 1513 scripsimus
2131 1456 2247 1500 haec
2293 1470 2390 1500 non
2437 1469 2491 1499 ea
2533 1457 2678 1500 animi

332 1525 550 1571 libertate
587 1538 681 1581 qua
713 1539 833 1581 opus
866 1530 938 1570 cst
970 1527 1117 1570 uitam
1150 1525 1461 1582 hominesque
1492 1540 1549 1571 ex
1580 1525 1716 1571 libris
1748 1531 1791 1570 et
1824 1526 2126 1570 monimentis
2158 1526 2447 1582 peruetustis
2480 1524 2674 1580 indaga-

335 1602 454 1644 turo„
497 1595 776 1651 scripsimus
815 1596 883 1639 ira
915 1600 959 1640 et
994 1593 1155 1641 dolore
1188 1596 1402 1652 oppressi
1431 1593 1557 1651 quod
1584 1599 1656 1640 tot
1686 1596 1862 1640 ciuium
1893 1593 2029 1640 ardor
2059 1593 2252 1639 licent-ia
2283 1592 2539 1652 cupiditate
2571 1593 2677 1640 odio

333 1664 700 1710 temulentorum
732 1677 892 1720 praua,
934 1666 1077 1709 immo
1119 1664 1407 1721 prauissima
1448 1664 1601 1715 iussit,
1633 1677 1784 1721 neque
1826 1678 1912 1708 uos
1945 1665 1994 1708 in
2035 1663 2124 1708 hac
2164 1662 2354 1720 quidem
2396 1678 2442 1707 re
2481 1677 2508 1707 a
2538 1664 2677 1708 nobis

333 1731 583 1776 dissentire
631 1731 707 1776 uel
753 1731 985 1776 credimus
1026 1732 1102 1776 uel
1146 1730 1384 1776 uolumus
1462 1736 1670 1775 attamen
1711 1746 1958 1777 monemus
2005 1746 2092 1775 uos
2137 1738 2187 1776 ut
2230 1732 2327 1776 fato
2364 1731 2535 1776 melius
2577 1746 2679 1774 esse

333 1801 549 1845 sentiatis
589 1800 776 1846 obstare
808 1813 949 1857 quam
982 1798 1253 1844 illacrimari
1294 1813 1445 1857 neque
1476 1804 1659 1856 praeter
1689 1801 1821 1857 pium
1855 1800 2115 1857 fortemque
2147 1801 2444 1858 imperatoris
2476 1801 2676 1857 patriae-

334 1883 423 1926 que
455 1883 660 1914 amorem
693 1868 795 1913 ulla
824 1883 871 1913 10
902 1869 1054 1924 magis
1087 1868 1377 1913 corroborari
1409 1870 1563 1913 uirum
1595 1870 1775 1914 iustum
1797 1871 2120 1927 propositique
2141 1875 2353 1914 tenacem
2387 1883 2529 1926 quam
2562 1884 2677 1925 puro

321 1944 556 1995 castoque
588 1937 767 1983 sciendi
808 1937 967 1982 studio
1010 1939 1217 1994 artisque
1255 1952 1307 1982 30
1346 1940 1540 1983 rat-ionis
1583 1939 1921 1996 imperturbata
1953 1941 2216 1984 seueritate.
2289 1938 2468 1984 talibus
2509 1940 2678 1983 animis

334 2008 423 2052 1100
455 2006 694 2053 (1001111130
726 2009 962 2065 specimen
994 2021 1106 2062 rogo
1139 2011 1183 2051 et
1215 2009 1456 2065 accipiatis
1487 2012 1532 2052 01
1563 2010 1854 2054 examinetis,

539 2077 572 2120 Ι.
634 2075 905 2121 Herodotus
936 2077 1077 2133 primi
1109 2075 1218 2121 libri
1245 2075 1336 2132 [57]
1367 2076 1470 2122 loco
1502 2076 1803 2123 celeberrimo
1837 2077 1892 2122 de
1926 2077 2142 2131 Pelasgis
2175 2076 2438 2134 disputavit
2458 2077 2679 2121 Graeciae

334 2148 556 2203 antiquae
589 2144 825 2202 indigenis
857 2151 999 2202 atque
1031 2147 1097 2190 ita
1128 2143 1315 2202 quidem
1350 2151 1403 2191 ut
1433 2162 1489 2191 ex
1511 2148 1659 2192 uariis
1682 2145 1976 2203 dinei-sisque
1998 2145 2176 2192 fabulis
2199 2161 2327 2191 more
2350 2145 2481 2192 illius
2504 2145 2676 2191 sacculi

333 2231 415 2272 per
445 2217 878 2270 argumentationes
921 2220 1083 2260 acutas
1126 2219 1171 2260 et
1212 2214 1397 2272 lepidas
1430 2218 1631 2273 speciem
1675 2216 1913 2274 quandam
1950 2231 2086 2261 uerae
2118 2216 2344 2262 historiae
2375 2218 2674 2262 contexmfrit.

333 2300 484 2342 neque
517 2286 617 2342 ipse
648 2284 764 2330 haec
797 2285 956 2330 onmia
986 2286 1168 2342 primus
1200 2287 1480 2343 composuit,
1524 2288 1750 2343 quoniam
1786 2285 2029 2331 Graeciam
2076 2288 2341 2343 antiquitus
2373 2286 2675 2341 Pelasgorum

334 2355 479 2399 fuisse
521 2353 599 2399 uel
630 2353 873 2411 Aeschylo
914 2356 1076 2400 iuueni
1118 2359 1284 2399 notum
1329 2361 1440 2407 erat,
1484 2370 1589 2400 cum
1631 2355 1881 2413 Supplices
1919 2356 2141 2400 scriberet
2176 2354 2258 2410 [vs.
2292 2358 2377 2400 240
2409 2355 2504 2412 sq.‚l.
2566 2354 2678 2399 talia

334 2422 469 2468 sac-ile
491 2423 883 2478 excogitabantur
905 2428 1160 2480 postquam
1176 2422 1703 2480 031310110111111[1133701
1725 2424 2067 2471 Hesiodeorum
2090 2428 2257 2480 poetae
2279 2423 2466 2479 Pelasgi
2491 2425 2677 2467 nomine

332 2491 538 2549 populos
571 2491 819 2547 indigenas
852 2494 954 2537 siue
975 2491 1141 2537 Terrae
1172 2491 1298 2538 filios
1330 2492 1594 2548 significare
1625 2499 1891 2550 coeperunt.
1955 2494 2177 2550 quamuis
2204 2495 2331 2537 enim
2352 2492 2491 2547 longe
2514 2493 2675 2537 abesse

335 2561 479 2605 uelim
512 2561 571 2605 ab
604 2574 658 2605 ea
688 2563 953 2606 temeritate
985 2562 1060 2606 0111
1091 2563 1255 2617 paucis
1288 2563 1445 2607 uerbis
1476 2566 1577 2607 tota
1608 2564 1823 2618 quaestio
1842 2562 2155 2617 Pelasgorum
2187 2561 2313 2606 solui
2345 2575 2482 2618 posse
2516 2561 2673 2605 uidea-

333 2636 422 2681 tur,
455 2631 503 2674 in
535 2630 783 2686 permultis
806 2629 983 2675 fabulis
1015 2644 1112 2675 non
1136 2629 1300 2675 dubito
1324 2632 1438 2686 quin
1471 2630 1668 2685 Πελασγός
1691 2636 1736 2676 01
1758 2629 1967 2688 αὐτόχθων
1999 2646 2095 2676 non
2129 2630 2266 2675 aliter
2287 2630 2502 2674 differant
2535 2642 2673 2685 quam

333 2698 460 2755 quod
491 2698 693 2744 alterum
725 2713 895 2744 nomen
928 2701 1171 2756 proprium
1203 2706 1247 2743 et
1269 2699 1494 2750 fabulare,
1525 2698 1739 2752 alterum?
1759 2714 1933 2745 nomen
1955 2699 2302 2758 appellatiuum
2333 2705 2376 2743 et
2400 2699 2675 2743 historicum

334 2771 408 2813 sit.
470 2783 531 2813 an
572 2782 685 2813 casu
718 2769 893 2814 factum
925 2773 996 2813 est
1029 2774 1082 2813 ut
1114 2769 1171 2814 ab
1205 2768 1413 2814 Hesiodo
1446 2768 1676 2824 Pelasgus
1708 2772 1870 2826 stirpis
1902 2770 2160 2815 Arcadicae
2205 2783 2386 2824 semper
2430 2768 2675 2823 indigenae

334 2842 468 2894 pater
496 2843 642 2883 terrae
659 2837 789 2883 filius
813 2837 967 2883 dietus
1000 2840 1075 2889 sit,
1108 2838 1165 2883 ab
1180 2837 1420 2894 Aeschylo
1439 2837 1822 2891 l’alaechthonis,
1855 2838 2124 2884 Herodotus
2160 2846 2344 2893 gentem
2386 2837 2673 2892 l'elasgicam

334 2906 490 2953 solum
535 2909 742 2965 patrium
786 2921 1030 2965 nunquam
1075 2909 1272 2953 uertisse
1313 2908 1582 2964 scripserit?
1649 2907 1797 2953 latius
1841 2913 1999 2953 tamen
2042 2910 2136 2952 ista
2176 2909 2507 2963 terrigenarum
2547 2912 2675 2963 patet

335 2975 635 3032 significatio.
698 2976 825 3034 apud
856 2976 1176 3023 Athenienses
1210 2982 1404 3028 11010108,
1441 2991 1641 3034 quorum
1673 2977 1839 3025 fabula
1871 2979 2033 3024 subest
2067 2977 2415 3022 narrationibus
2447 2985 2489 3020 et
2523 2975 2673 3020 Heca-

335 3047 426 3090 taei
458 3052 504 3091 01
533 3045 761 3091 Herodoti
794 3047 843 3090 in
874 3045 996 3091 libro
1029 3050 1162 3091 sexto
1199 3046 1303 3101 {137
1337 3045 1446 3103 sqjl,
1478 3045 1684 3103 Pelasgi.
1716 3049 1742 3092 i.
1778 3062 1813 3093 e.
1858 3047 2110 3093 daemones
2141 3051 2391 3097 1011081108,
2431 3044 2597 3089 118(10111
2632 3052 2675 3089 01

334 3117 610 3162 muneribus
643 3116 963 3171 fungebantur
993 3120 1037 3160 et
1069 3115 1325 3160 utebantur
1355 3116 1568 3161 moribus
1601 3117 1776 3174 quibus
1810 3116 1935 3174 apud
1970 3116 2089 3161 alios
2113 3116 2314 3160 Graecos
2333 3113 2566 3172 Cyelopes
2599 3114 2676 3159 uel

335 3184 770 3242 Enchirogastores.
834 3187 900 3230 ita
946 3183 1079 3230 illam
1124 3183 1335 3230 fabulam
1383 3185 1713 3243 explicandam
1754 3200 1856 3231 esse
1897 3201 1950 3230 eo
1991 3192 2110 3230 certe
2150 3199 2246 3229 non
2284 3185 2511 3228 refutatur
2549 3183 2677 3241 quod

334 3267 439 3298 cum
472 3257 680 3299 nominis
699 3255 930 3309 Pelargici
952 3254 1215 3310 ueriloquio
1247 3257 1499 3299 coniuncta
1521 3260 1607 3307 est,
1640 3258 1752 3312 quia
1768 3255 2075 3309 Pelasgorum
2107 3256 2237 3299 notio
2273 3255 2512 3309 antiquior
2535 3268 2677 3310 quam

336 3321 455 3367 illud
490 3324 806 3381 ueriloquium
837 3339 940 3368 0880
972 3323 1122 3369 debet.
1184 3329 1326 3380 atque
1357 3330 1410 3369 ut
1438 3325 1526 3368 hos
1550 3325 1740 3381 quidem
1759 3324 1983 3379 Pelasgos
2015 3339 2098 3380 pro
2120 3322 2299 3380 populo
2332 3322 2505 3368 habere
2537 3323 2677 3367 nobis

334 3396 455 3436 certe
486 3407 583 3437 non
614 3392 737 3445 licet,
770 3395 839 3438 ita
868 3392 1247 3439 Atheniensibus
1280 3395 1397 3451 ipsis
1430 3408 1535 3439 cum
1562 3394 1798 3440 Lemnum
1828 3394 2129 3449 Imbrumque
2162 3392 2346 3437 insulas
2380 3402 2677 3449 occuparent.

335 3459 502 3506 harum
542 3467 770 3509 terrarum
818 3462 1000 3509 incolas
1047 3464 1304 3520 terrigenas
1346 3478 1399 3508 00
1442 3465 1594 3520 magis
1641 3468 1805 3521 aptum
1854 3476 2108 3520 uerumque
2155 3460 2405 3507 uidebatur
2448 3461 2677 3519 Pelasgos
