3054 4150
339 208 393 253 16

336 331 469 379 filius
501 331 747 379 Pentheus
780 334 884 379 sine
914 335 1138 392 progenie
1168 334 1368 379 moritur
1398 333 1492 379 nisi
1524 332 1640 379 forte
1668 331 1896 379 Oclasum
1927 330 2067 378 illum
2098 333 2148 378 in
2179 330 2365 381 scholio
2382 332 2494 379 Eur.
2511 331 2695 380 Phoen.

338 405 424 447 942
454 404 758 449 nominatum
789 402 902 461 plus
935 417 1077 461 quam
1110 417 1291 448 merum
1328 417 1502 448 nomen
1533 417 1636 448 esse
1667 401 1891 453 credatis:
1937 400 2065 460 quod
2097 407 2255 448 autem
2286 400 2560 461 Aeschylus
2591 401 2693 449 Me-

336 470 591 531 lanippum
626 470 778 532 [Sept.
813 470 920 517 adu.
954 470 1100 518 Theb.
1134 470 1260 527 3951,
1306 470 1561 530 Euripides
1594 471 1898 518 Menoeceum
1941 469 2144 528 lVPhoen.
2179 469 2286 527 942]
2330 468 2529 531 Spartos
2560 470 2693 519 dixe-

337 547 463 596 runt,
510 541 634 588 nihil
672 541 865 588 uoluere
905 542 998 586 nisi
1034 542 1272 597 genuinos
1303 539 1558 589 Thebanos
1598 541 1878 600 significare.
1948 539 2152 600 denique
2192 554 2278 593 nec
2318 540 2504 589 Boeotii
2543 555 2696 601 neque

339 611 535 658 Cadmei
576 614 763 669 generis
795 610 954 669 Sparti
995 624 1099 655 esse
1134 616 1351 669 possunt.
1400 613 1651 658 cuiusnam
1694 614 1837 669 igitur
1877 613 2018 657 sunt?
2078 625 2243 657 uereor
2280 625 2340 656 ne
2382 609 2579 657 nullius.
2644 616 2696 656 ut

339 682 501 741 Sparti
531 697 616 741 pro
649 681 889 726 Thebanis
921 681 1085 725 haberi
1117 686 1375 737 nequeunt,
1406 684 1473 725 ita
1504 681 1714 728 Cadmus
1747 685 1794 728 in
1828 682 1916 727 hac
1947 687 2068 727 certe
2090 680 2258 727 fabula
2285 681 2346 726 ab
2378 695 2433 728 eo
2466 683 2548 740 qui
2569 672 2693 726 Cad-

338 767 493 798 meam
524 754 771 810 antiquam
804 749 1119 796 Cadmeorum
1162 749 1321 795 sedem
1361 750 1575 797 condidit
1612 751 1906 798 discernitur.
1968 759 2040 798 est
2069 753 2195 798 enim
2227 749 2428 803 aduena,
2469 752 2721 810 quoniam¹

339 826 603 880 serpentem
651 826 801 865 terrae
839 818 1085 865 custodem
1129 819 1205 874 [cf.
1240 835 1276 864 e.
1309 835 1353 875 g.
1386 819 1608 866 Herodot.
1648 827 1684 873 1,
1719 826 1785 867 78.
1818 826 1859 873 6,
1892 826 1943 867 77
1985 824 2034 867 in
2066 819 2279 875 oraculo]
2323 825 2463 866 necat
2504 826 2558 866 ut
2593 822 2696 878 ipse

337 891 497 937 locum
517 888 751 948 possidat,
785 890 1018 946 serpentis
1040 891 1316 946 progeniem
1348 905 1405 935 ex
1436 894 1558 935 terra
1582 892 1741 937 'ortam
1762 890 1918 949 perdit
1947 896 2032 937 aut
2052 892 2240 944 subicit,
2272 889 2474 949 denique
2495 889 2544 937 id
2566 888 2694 948 quod

337 961 680 1015 grauissimum
712 963 798 1008 est.
846 957 927 1003 diu
958 960 1290 1015 peregrinatus
1323 957 1513 1004 oraculo
1547 960 1768 1005 consulto
1808 961 1972 1006 urbem
2003 959 2177 1006 condit.
2240 965 2288 1006 at
2319 962 2441 1005 inter
2471 960 2694 1017 antiquas

339 1029 564 1074 Graeciae
595 1028 737 1073 urbes
771 1026 913 1072 ualde
945 1026 1113 1074 dubito
1146 1043 1208 1073 an
1240 1027 1340 1073 ulla
1372 1029 1644 1072 inueniatur
1675 1043 1798 1085 quae
1830 1044 1889 1074 ex
1920 1029 2099 1075 oraculi
2122 1037 2349 1088 responso
2372 1028 2564 1075 condita
2593 1043 2697 1074 esse

337 1096 565 1148 tradatur,
597 1110 678 1142 eae
709 1098 834 1143 enim
868 1110 896 1141 a
926 1094 1019 1141 diis
1042 1098 1176 1154 ipsis,
1207 1111 1304 1142 non
1337 1097 1397 1142 ab
1420 1096 1697 1141 hominibus
1721 1096 1940 1143 conditae
1972 1113 2075 1144 esse
2097 1098 2430 1145 credebantur:
2462 1097 2696 1157 plurimae

341 1172 500 1213 autem
518 1166 735 1214 coloniae
766 1171 818 1212 ut
849 1170 998 1211 terrae
1032 1165 1216 1212 alienae
1246 1167 1487 1224 possessio
1520 1165 1733 1221 legitima
1764 1181 1867 1211 esse
1899 1167 2151 1220 uideretur,
2183 1168 2363 1216 oraculi
2394 1169 2530 1215 iussu
2556 1182 2607 1214 se
2638 1168 2695 1215 de

339 1236 567 1283 deductas
601 1251 704 1283 esse
724 1235 1068 1291 gloriabantur.
1121 1235 1335 1281 coloniae
1357 1250 1468 1281 uero
1502 1237 1551 1281 in
1585 1235 1742 1281 aliena
1762 1241 1885 1282 terra
1906 1251 2030 1282 noue
2052 1236 2273 1284 conditae
2304 1240 2551 1296 aptissime
2581 1253 2694 1286 con-

340 1309 542 1353 ueniunt
572 1312 722 1352 terrae
753 1305 842 1350 filii
875 1307 978 1350 siue
1010 1305 1261 1361 indigenae
1292 1310 1484 1362 propter
1515 1319 1627 1350 suas
1660 1307 1873 1362 ipsorum
1895 1304 2158 1351 discordias
2192 1305 2392 1353 aduenis
2423 1307 2548 1354 male
2579 1310 2694 1354 resi-

292 1424 295 1427 .
339 1382 519 1423 stentes
564 1377 623 1422 ab
666 1378 819 1434 iisque
862 1374 941 1421 uel
983 1377 1136 1422 necati
1178 1374 1254 1421 uel
1299 1374 1488 1432 legibus
1526 1389 1688 1434 parere
1736 1376 1960 1434 urbisque
1999 1376 2150 1421 muris
2187 1390 2238 1421 se
2276 1379 2516 1424 continere
2557 1376 2694 1425 docti.

339 1463 461 1505 quae
493 1449 533 1492 si
565 1451 688 1492 reete
720 1447 989 1497 obseruaui,
1030 1451 1181 1492 totam
1223 1445 1355 1491 illam
1388 1445 1599 1492 fabulam
1633 1445 1690 1491 de
1722 1445 1914 1500 Cadmo,
1934 1445 2208 1492 Thebarum
2241 1446 2484 1494 conditore
2514 1454 2698 1506 praeter

340 1520 498 1575 ipsum
532 1516 699 1562 Cadmi
730 1528 904 1561 nomen
937 1516 1062 1561 nihil
1094 1517 1331 1561 continere
1363 1518 1670 1572 consequitur
1707 1515 1834 1572 quod
1866 1514 1925 1561 ad
1959 1521 2163 1561 ueterem
2180 1514 2452 1562 Thebarum
2475 1517 2695 1563 Boeotia-

339 1603 443 1633 rum
476 1587 725 1633 historiam
758 1585 915 1631 referri
946 1587 1111 1643 possit.

545 1655 673 1701 Haec
704 1657 864 1701 minus
898 1654 1121 1701 audacter
1141 1654 1266 1701 dieta
1296 1669 1400 1700 esse
1423 1654 1715 1702 uidebuntur
1745 1670 1852 1702 eum
1880 1669 1958 1701 eas
1991 1654 2180 1702 fabulas
2211 1669 2548 1713 comparauero
2578 1670 2696 1714 quas

339 1724 399 1771 ad
432 1740 512 1771 eos
546 1723 778 1771 Cadmeos
812 1726 893 1781 qui
926 1725 1193 1781 antiquitus
1217 1724 1463 1770 Boeotiam
1497 1724 1780 1770 habitabant
1801 1729 2010 1782 spectare
2041 1724 2290 1782 probabile
2321 1730 2404 1771 est.
2466 1724 2578 1773 illae
2599 1740 2697 1772 non

339 1798 490 1852 agunt
521 1793 579 1840 de
611 1793 778 1840 Cadmi
811 1792 1022 1839 aduentu
1054 1806 1206 1852 neque
1239 1806 1374 1850 agere
1406 1798 1612 1852 possunt
1642 1795 1867 1852 quoniam
1912 1792 2060 1840 ullam
2091 1798 2279 1851 gentem
2322 1798 2432 1841 ante
2464 1792 2697 1841 Cadmeos

339 1868 578 1922 regionem
596 1864 873 1910 Thebanam
905 1864 1149 1910 habitasse
1182 1878 1239 1909 ne
1271 1866 1555 1909 tenuissima
1577 1864 1766 1921 quidem
1794 1867 2020 1910 memoria
2052 1864 2260 1916 extabat,
2282 1863 2365 1909 sed
2388 1863 2446 1909 de
2466 1863 2696 1913 Cadmeo-

340 1950 444 1981 rum
487 1934 819 1990 indigenarum
852 1934 1234 1991 Boeotorumque
1276 1935 1627 1979 certaminibus.
1690 1933 1896 1979 celebrat
1934 1933 2173 1979 Pindarus
2219 1933 2382 1991 [Pyth.
2417 1938 2457 1986 8,
2489 1933 2567 1988 461
2607 1933 2699 1991 δρά-

339 2020 454 2046 κοντα
500 2002 673 2046 ποικίλον
715 2004 831 2051 αἰθᾶς
871 2002 1048 2059 Ἀλκμᾶν’
1083 2002 1139 2046 ἐπ’
1191 2002 1350 2051 ἀσπίδος
1393 2007 1579 2058 νωμῶντα
1622 2007 1768 2060 πρῶτον
1812 2005 1852 2045 ἐν
1891 2003 2054 2059 Κάδμου
2097 2002 2247 2053 πύλαις,
2291 2002 2340 2047 id
2384 2009 2454 2048 est
2491 2003 2698 2049 Boeotos

341 2073 597 2119 Cadmeam
630 2080 972 2131 expugnantes.
1032 2073 1369 2119 Alcmaeonem
1402 2075 1543 2124 enim,
1577 2079 1829 2130 antequam
1864 2086 1892 2118 a
1923 2072 2184 2119 Corinthiis
2217 2074 2512 2129 reciperetur,
2544 2072 2697 2119 Boeo-

340 2148 495 2190 torum
531 2143 720 2189 heroem
754 2143 901 2188 fuisse
944 2149 986 2187 et
1027 2157 1199 2188 nomen
1241 2142 1377 2188 docet
1404 2141 1571 2198 Ἀλκμάν
1609 2143 1666 2188 ab
1696 2141 1891 2198 Ἀλκμᾶνα
1937 2141 2155 2188 Herculis
2188 2141 2373 2188 Boeotii
2412 2147 2560 2188 matre
2600 2157 2698 2188 non

341 2212 659 2271 separandum
699 2220 741 2258 et
783 2212 909 2270 quod
954 2215 1001 2258 in
1034 2213 1318 2270 Amphiarai
1360 2226 1499 2269 quem
1532 2212 1762 2258 Boeotum
1800 2227 1897 2258 non
1937 2212 2083 2257 fuisse
2121 2216 2322 2265 constat,
2368 2211 2478 2258 fano
2520 2211 2697 2270 Oropio

341 2283 568 2328 Alcmaeo
601 2281 739 2327 nullo
771 2282 951 2328 honore
992 2282 1236 2328 fruebatur
1271 2282 1437 2337 ll’aus.
1475 2286 1511 2330 l.
1543 2286 1613 2330 34,
1645 2286 1671 2326 3
1710 2281 1763 2326 cf.
1798 2281 1991 2334 Baethe,
2022 2280 2228 2336 genethl.
2255 2279 2466 2337 Gotting.
2500 2296 2543 2340 p.
2575 2281 2695 2337 1761.

341 2352 554 2402 notabile
586 2353 704 2397 mihi
748 2351 937 2409 quidem
976 2351 1165 2397 uidetur
1196 2352 1536 2398 Alcmaeonem
1581 2351 1707 2409 apud
1740 2350 2000 2396 Pindarum
2041 2353 2231 2407 signum
2268 2364 2425 2407 gerere
2457 2350 2697 2397 dracontis

342 2425 479 2480 quasi
511 2436 598 2466 sua
631 2424 783 2480 ipsius
815 2427 936 2466 terra
969 2427 1107 2473 esset,
1140 2436 1233 2479 qua
1266 2424 1313 2466 in
1346 2436 1393 2466 re
1412 2422 1697 2467 Boeotorum
1733 2420 1944 2465 studium
1977 2435 2074 2465 non
2106 2423 2265 2466 minus
2300 2434 2554 2477 agnoscere
2579 2421 2699 2467 mihi

342 2493 506 2538 uideor
547 2506 689 2549 quam
732 2494 779 2536 in
821 2505 874 2536 eo
921 2491 1047 2548 quod
1088 2491 1426 2535 Alcmaeonem
1466 2491 1748 2548 Amphiarai
1801 2490 1953 2534 filium
1996 2505 2098 2535 esse
2136 2490 2494 2536 contenderunt.
2566 2488 2698 2549 eiecti

342 2567 455 2606 sunt
487 2561 703 2606 Cadmei:
747 2560 980 2605 Cadmum
1013 2560 1416 2618 Harmoniamque
1457 2560 1518 2605 ad
1557 2559 1822 2604 Encheleas
1863 2560 2097 2618 profectos
2134 2575 2237 2605 esse
2274 2560 2501 2605 barbaros
2541 2559 2699 2605 ultimi

342 2633 680 2689 septentrionis
717 2632 791 2686 les.
826 2630 1044 2675 Hecatae.
1078 2645 1150 2688 ap.
1186 2631 1347 2688 Steph.
1381 2646 1424 2688 p.
1459 2634 1558 2681 225,
1593 2634 1645 2674 14
1676 2629 1844 2686 Polyb.
1878 2634 1919 2682 5,
1955 2634 2035 2675 108
2067 2629 2192 2687 Scyl.
2212 2634 2268 2675 25
2305 2630 2460 2676 Sti-ab.
2495 2634 2518 2676 ἵ
2551 2644 2594 2688 p.
2614 2633 2699 2676 326

343 2702 549 2758 Appian.
588 2700 717 2757 Illyr.
751 2705 778 2745 2
825 2700 987 2758 Steph.
1036 2715 1078 2757 p.
1113 2704 1213 2749 260,
1254 2705 1292 2745 ι’).
1330 2701 1402 2754 13}
1459 2701 1620 2756 ibique
1666 2702 1714 2743 in
1762 2706 2002 2756 serpentes
2049 2704 2274 2752 mutatos,
2326 2700 2373 2745 id
2420 2706 2491 2745 est
2537 2713 2698 2744 ueram

344 2770 540 2815 domum
583 2772 704 2814 inter
740 2771 969 2816 barbaros
1010 2770 1105 2814 iam
1145 2769 1318 2814 habere
1357 2771 1490 2826 ipsos
1534 2783 1721 2825 quoque
1760 2768 1986 2814 barbaros
2027 2769 2192 2820 factos,
2238 2768 2441 2826 denique
2483 2774 2698 2812 cateruas

341 2839 650 2885 barbarorum
692 2840 741 2883 in
789 2839 1036 2884 Graeciam
1089 2837 1284 2883 duxisse
1338 2844 1390 2883 ut
1446 2836 1690 2895 Apollinis
1739 2837 1902 2894 Pythii
1959 2837 2189 2895 templum
2242 2837 2519 2895 diriperent,
2590 2851 2697 2882 nar-

341 2909 535 2954 rabatur
566 2909 771 2953 testibus
806 2907 1032 2965 Euripide
1068 2907 1259 2963 [Bacch.
1297 2911 1407 2952 1330
1429 2907 1521 2964 sq}
1557 2912 1604 2951 et
1620 2905 1860 2952 Herodoto
1898 2907 1961 2961 15,
1992 2910 2060 2951 61.
2093 2913 2135 2957 i),
2166 2911 2222 2951 43
2253 2907 2307 2951 cf.
2332 2906 2472 2951 Paus.
2497 2911 2537 2958 9,
2559 2909 2599 2958 ἴ),
2621 2905 2697 2960 31;

342 2976 465 3023 nihil
497 2978 623 3022 enim
656 2976 794 3022 refert
826 2975 953 3034 quod
986 2975 1104 3022 alter
1136 2976 1193 3022 de
1226 2975 1405 3022 Cadmo
1439 2976 1557 3021 alter
1589 2973 1648 3019 de
1681 2974 1900 3020 Cadmeis
1932 2975 2157 3033 loquitur.
2207 2990 2327 3034 quae
2360 2974 2484 3034 apud
2520 2978 2697 3020 ceteros

342 3050 520 3099 extant,
551 3052 634 3092 aut
665 3045 788 3092 nihil
820 3048 936 3091 noui
968 3045 1172 3091 afferunt
1207 3045 1405 3104 {Hygia
1440 3049 1466 3089 6
1499 3044 1637 3089 Ouid.
1673 3050 1777 3090 met.
1811 3048 1852 3098 4,
1884 3048 1969 3090 562
2001 3059 2068 3104 sq.
2103 3048 2143 3096 3,
2175 3048 2246 3099 97,
2283 3047 2359 3091 cui
2390 3044 2515 3090 idem
2548 3043 2697 3089 Alex-

341 3116 528 3161 andrini
561 3117 810 3162 cuiusdam
842 3117 972 3162 color
1003 3116 1184 3174 placuit
1216 3118 1296 3174 qui
1329 3116 1501 3161 Nonne
1540 3116 1602 3171 14,
1633 3116 1757 3171 4171,
1795 3114 2019 3174 Apollod.
2055 3116 2123 3160 III
2154 3119 2195 3168 ἵ),
2227 3119 2268 3166 4,
2300 3115 2348 3170 21
2383 3120 2469 3160 aut
2498 3116 2698 3160 recentis

342 3188 538 3242 originis
571 3192 685 3231 sunt
717 3191 770 3231 ut
801 3201 858 3230 ea
890 3200 1009 3243 quae
1041 3192 1189 3241 agunt
1222 3185 1278 3229 de
1315 3185 1658 3230 Enchelearum
1683 3185 2051 3242 Illyriorumque
2083 3199 2265 3229 conexu
2302 3183 2548 3243 {Apollod.
2582 3183 2697 3228 bibl.

341 3256 410 3300 III
440 3260 482 3306 ἴ),
524 3256 599 3310 41,
647 3255 703 3300 de
746 3255 914 3300 Cadmi
967 3262 1012 3300 et
1059 3255 1346 3299 Harmoniae
1398 3254 1628 3312 sepulcris
1673 3269 1792 3311 quae
1835 3254 2126 3311 Apollonius
2178 3255 2251 3309 14,
2293 3254 2399 3308 5171
2464 3252 2701 3298 Nicander

345 3325 501 3380 [Ther.
536 3325 642 3379 6081
694 3325 959 3381 Dionysius
1012 3324 1140 3379 13901
1191 3340 1336 3381 prope
1383 3320 1569 3369 montes
1613 3323 1871 3368 Ceraunios
1919 3323 2175 3375 collocant,
2227 3322 2550 3368 Callimachus
2603 3323 2697 3378 [ap.

342 3393 497 3439 Sti-ab.
535 3398 554 3438 1
596 3409 639 3451 p.
672 3394 750 3448 461
801 3398 848 3438 et
888 3393 1323 3448 fortasse-Nonum
1360 3394 1451 3448 144,
1487 3396 1569 3437 115
1600 3392 1690 3449 sq!
1741 3391 1869 3450 apud
1903 3392 2085 3445 Polam,
2128 3391 2467 3438 Eratosthenes
2512 3390 2697 3448 [Steph.

340 3478 383 3521 p.
418 3466 518 3514 244,
552 3462 627 3517 11]
664 3462 841 3520 Scylax
873 3462 957 3520 1241
989 3462 1292 3520 Phylarchus
1325 3461 1422 3519 [frg.
1456 3461 1556 3517 4061
1588 3464 1729 3507 etiam
1762 3461 1870 3507 aliis
1902 3461 2036 3515 locis,
2067 3461 2124 3507 de
2156 3461 2344 3508 Buthea
2386 3460 2458 3518 [et.
2492 3477 2550 3507 m.
2584 3475 2620 3505 s.
2655 3474 2697 3504 u.
