3054 4150
2702 252 2730 293 9

372 374 628 421 ‘continent
645 370 785 431 quod
816 371 1088 432 syllogismi
1119 376 1350 422 rationem
1382 374 1553 427 turbet,
1597 372 1855 422 dummodo
1897 381 2018 422 recte
2050 375 2418 431 distinguantur,
2454 376 2538 422 sed
2568 376 2730 423 turbat

383 443 583 490 uerbum
615 440 691 500 εἰσίι
718 444 854 489 cuius
886 458 1031 490 causa
1059 441 1195 501 ἄγουσι
1225 458 1322 491 11011
1343 446 1504 491 minus
1527 459 1668 503 quam
1690 445 1869 502 γεγόνασι
1900 445 1960 492 ad
1991 444 2075 489 ὅσοι
2097 446 2262 492 referre
2283 448 2504 502 cogimur.
2557 445 2728 503 legatis

384 513 530 571 igitur
547 511 636 555 ,ἔτι
666 511 711 554 δὲ
739 511 879 561 πάντες
901 510 1047 564 Ἴωνες,
1077 511 1161 556 ὅσοι
1186 512 1251 556 ἀπ’
1273 512 1470 571 Ἀθηνέων
1489 513 1679 571 γεγόνασι,
1701 513 1766 556 καὶ
1785 514 2017 572 Ἀπατούρια
2040 513 2197 571 ἄγουσιν
2218 514 2332 571 ὁρτήν
2362 522 2406 559 et
2429 519 2588 560 omnia
2608 517 2729 560 bene

383 581 632 640 procedere
662 581 900 628 uidebitis.
962 582 1018 625 ἔτι
1048 583 1257 639 logicum
1287 583 1461 649 legitur
1495 587 1537 636 2,
1566 587 1634 628 45.
1692 632 1696 633 ⁷

565 701 568 704 ,
593 650 675 697 ΠΙ.
738 649 832 705 Qui
861 666 945 709 per
974 652 1064 698 hos
1096 651 1291 699 ultimos
1324 667 1476 699 annos
1509 651 1566 698 de
1595 654 1779 710 imperii
1801 653 1947 701 Attici
1967 653 2239 713 primordiis
2270 653 2509 713 praeclara
2531 652 2727 701 docuere

385 733 665 778 summaque
697 719 843 777 digna
873 719 1183 768 admiratione
1214 723 1263 768 in
1295 736 1343 768 re
1373 726 1483 768 tam'
1512 723 1729 767 intricata
1759 728 1803 768 et
1834 722 2030 773 difficili,
2078 725 2110 769 ii
2142 723 2202 769 ad
2244 737 2393 772 unum
2436 737 2597 768 omnes
2628 722 2725 767 dis—

383 789 691 848 putationum
723 804 917 836 suarum
949 793 1085 848 quasi
1117 791 1482 838 fundamentum
1522 805 1721 848 posuere
1760 793 1807 836 in
1848 792 1951 837 loco
1985 792 2213 839 Herodoti
2244 795 2323 851 qui
2356 791 2529 849 legitur
2558 797 2599 840 9,
2634 796 2726 838 106.

385 865 496 917 post
525 872 736 916 pugnam
767 858 1092 916 Mycalensem
1125 861 1329 907 Graecos
1362 859 1493 905 Sami
1525 858 1776 905 concilium
1809 862 2034 907 habuisse
2066 862 2123 906 de
2139 862 2274 907 Ionia
2306 861 2354 906 id
2385 868 2458 906 est
2489 862 2546 906 de
2577 861 2727 906 trede-

385 929 477 973 cim
507 927 708 974 urbibus
739 928 1007 986 insulisque
1039 943 1158 985 quae
1189 927 1425 974 Panionia
1464 927 1788 980 celebrabant;
1834 930 2016 976 Lesbos
2056 937 2098 975 et
2137 929 2302 975 Aeolis
2342 945 2438 975 non
2475 932 2633 975 minus
2674 945 2728 974 eo

384 1001 594 1055 tempore
623 1010 709 1055 pro
740 997 1000 1056 appendice
1033 1003 1085 1042 ut
1125 1000 1190 1042 ita
1227 997 1380 1042 dicam
1411 997 1571 1041 Ioniae
1601 998 1902 1043 habebantur
1933 1006 2073 1056 atque
2104 1001 2277 1054 uiginti
2318 1001 2456 1042 annis
2495 1003 2604 1043 ante
2635 1013 2728 1054 quo

386 1071 596 1123 tempore
628 1066 802 1135 frustra
832 1079 860 1109 a
890 1066 1048 1111 Persis
1091 1067 1398 1111 desciuerant.
1462 1066 1835 1123 Peloponnesios
1874 1071 2181 1124 proposuisse
2222 1074 2275 1111 ut
2305 1068 2444 1111 Iones
2488 1070 2535 1111 in
2576 1070 2728 1124 ipsam

387 1133 633 1179 Graeciam
664 1135 1039 1187 transferrentur,
1087 1138 1312 1192 quoniam
1359 1137 1453 1178 nisi
1498 1149 1579 1191 per
1624 1134 1806 1179 bellum
1851 1142 2131 1193 perpetuum
2176 1152 2203 1180 a
2250 1136 2501 1180 Persarum
2548 1136 2729 1181 ultione

386 1203 573 1249 defendi
603 1219 700 1250 non
717 1211 924 1262 possent.
972 1210 1074 1250 tum
1105 1207 1259 1262 pergit
1276 1203 1563 1249 Herodotus:
1593 1203 1831 1259 Ἀθηναίοισι
1862 1203 1905 1247 δὲ
1936 1203 2006 1248 οὐκ
2037 1204 2185 1248 §aduam
2215 1203 2342 1263 ἀρχήν
2370 1202 2522 1260 Ἰωνίην
2551 1204 2730 1260 γενέσθαι

387 1272 600 1316 ἀνάστατον
627 1273 719 1316 οὐδὲ
739 1274 1067 1328 Πελοποννησίους
1097 1273 1183 1330 περὶ
1214 1279 1285 1316 τῶν
1317 1274 1534 1331 σφετερέων
1564 1273 1748 1315 ἀποικιῶν
1778 1274 1992 1330 βουλεύειν·
2021 1273 2303 1317 ἀντιτεινόντων
2340 1273 2384 1317 δὲ
2414 1273 2558 1316 τούτων
2589 1274 2731 1330 προθύ-

386 1360 469 1397 μως
485 1341 638 1391 εἶξανοὶ
661 1342 971 1398 Πελοποννήσιοι.
1030 1342 1095 1385 καὶ
1126 1341 1229 1385 οὕτω
1260 1344 1309 1399 δὴ
1340 1342 1508 1399 Σαμίους
1538 1360 1579 1385 τε
1609 1341 1674 1385 καὶ
1708 1342 1828 1391 Χίους
1859 1341 1923 1385 καὶ
1947 1342 2129 1400 Λεσβίους
2161 1343 2224 1385 καὶ
2256 1343 2343 1391 τούς
2375 1340 2515 1390 ἄλλους
2546 1343 2730 1397 νησιώτας

384 1410 424 1453 οἳ
466 1410 603 1470 ἔτυχον
649 1413 989 1469 συστρατευόμενοι
1034 1414 1150 1455 τοῖσιν
1184 1410 1387 1468 Ἕλλησιν,
1433 1414 1471 1460 ἐς
1512 1413 1554 1454 τὸ
1595 1412 1840 1470 συμμαχικὸν
1886 1412 2160 1468 ἐσεποιήσαντο
2212 1411 2313 1453 πίστι
2365 1427 2406 1453 τε
2451 1411 2730 1467 καταλαβόντες

386 1478 453 1523 καὶ
484 1480 665 1537 ὅρκίοισιν
695 1484 873 1538 ἐμμενεῖν
900 1499 941 1524 τε
971 1480 1036 1524 καὶ
1068 1482 1121 1537 μὴ
1153 1480 1454 1537 ἀποστήσεσθαι.
1515 1481 1571 1526 de
1602 1482 1662 1525 iis
1694 1481 1892 1526 Ionibus
1924 1483 2067 1536 igitur
2098 1483 2179 1538 qui
2211 1484 2260 1526 in
2298 1483 2569 1526 continente
2599 1486 2732 1525 erant

388 1549 502 1607 quid
533 1550 708 1596 factum
741 1553 816 1604 sit,
848 1565 1042 1609 prorsus
1074 1565 1169 1596 non
1191 1549 1352 1608 liquet.
1416 1555 1623 1595 attamen
1655 1565 1713 1594 ex
1744 1550 1833 1594 hoc
1856 1549 2045 1594 silentio
2068 1549 2297 1595 Herodoti
2320 1549 2471 1594 multa
2503 1555 2548 1593 et
2567 1551 2730 1604 gravia

387 1620 613 1666 conclusa
643 1634 746 1665 esse
779 1622 1001 1667 omnibus
1033 1625 1200 1666 notum
1231 1625 1314 1664 est..
1377 1625 1630 1676 postquam
1646 1619 1905 1664 Kirchhoff
1936 1618 2115 1674 [Herm.
2146 1623 2211 1669 11,
2247 1623 2266 1662 1
2286 1618 2378 1675 sqssl
2414 1620 2462 1662 in
2494 1632 2547 1663 eo
2580 1617 2728 1663 Athe-

387 1690 576 1734 nienses
608 1689 971 1748 Peloponnesiis
1013 1691 1212 1735 cessisse
1254 1690 1454 1736 coniecit
1491 1696 1543 1734 ut
1579 1688 1636 1734 de
1667 1688 1866 1735 Ionibus
1910 1690 2061 1746 ipsius
2095 1689 2239 1734 Asiae
2276 1687 2398 1733 nihil
2437 1693 2731 1733 statueretur.

390 1758 487 1804 Leo
513 1759 639 1814 [acta
662 1760 825 1805 concil.
858 1759 1025 1817 philol.
1043 1758 1287 1804 wiesbad.
1314 1763 1422 1804 1877
1455 1774 1498 1816 p.
1518 1763 1573 1804 60
1589 1759 1698 1816 sqql,
1730 1760 1845 1805 haec
1878 1765 1930 1804 ut
1961 1761 2223 1814 corrigeret,
2254 1757 2392 1803 Iones
2425 1756 2534 1802 illos
2557 1772 2651 1802 non
2684 1759 2732 1802 in

388 1828 716 1872 uniuersorum
751 1821 1037 1873 Graecorum
1069 1820 1341 1872 societatem
1383 1843 1485 1872 esse
1526 1832 1750 1885 receptos,
1796 1827 1879 1873 sed
1911 1828 2283 1873 Atheniensium
2324 1825 2501 1872 tutelae
2538 1841 2588 1871 se
2629 1828 2731 1870 sine

387 1900 511 1940 certo
543 1896 727 1941 foedere
768 1896 956 1941 dedisse
988 1898 1218 1954 exposuit.
1283 1911 1402 1953 quae
1436 1898 1652 1953 quamuis
1686 1903 1820 1941 acute
1851 1898 2116 1950 excogitata
2148 1899 2261 1948 sint,
2292 1902 2449 1941 tamen
2481 1902 2604 1939 stare
2635 1909 2729 1939 non

387 1970 591 2022 possunt
622 1968 716 2011 nisi
747 1965 1026 2024 Thucydide
1064 1965 1139 2011 uel
1172 1971 1375 2010 correcto
1417 1964 1494 2011 uel
1526 1967 1745 2022 ambigue
1786 1965 2032 2023 explicato.
2095 1964 2351 2011 concedam
2385 1971 2438 2011 ut
2472 1969 2508 2016 1,
2539 1968 2608 2016 89,
2638 1966 2665 2008 ‘2
2695 1963 2729 2005 οἱ

386 2033 429 2077 δὲ
456 2033 654 2091 Ἀθηναῖοι
684 2033 749 2077 καὶ
785 2035 821 2077 οἱ
852 2034 930 2078 ἀπὸ
957 2034 1108 2083 Ἰωνίας
1139 2033 1519 2090 καὶ’ἷ1·ζλλησπόντου
1550 2035 1743 2092 ξύμμαχοι
1778 2032 1855 2090 ἤδη
1887 2033 2147 2091 ἀφεστηκότες
2184 2033 2262 2075 ἀπὸ
2298 2034 2490 2091 βασιλέως
2521 2032 2730 2078 deleatur

386 2103 592 2161 Ξόμμαχοι,
626 2119 777 2163 neque
807 2111 965 2150 tamen
997 2119 1095 2163 cap.
1130 2108 1186 2149 95
1216 2111 1259 2148 et
1291 2108 1348 2150 96
1379 2104 1531 2149 ullum
1562 2104 1812 2149 discrimen
1845 2118 1872 2148 a
1897 2103 2172 2158 Thucydide
2204 2107 2324 2148 inter
2355 2104 2493 2148 Iones
2525 2108 2725 2146 ceteros·

388 2187 477 2230 que
517 2176 672 2218 socios
713 2173 852 2218 uideo
893 2174 1067 2218 factum
1111 2189 1232 2219 esse:
1282 2173 1531 2218 conferatis
1574 2173 1690 2218 talia
1739 2173 1847 2214 οἵτε
1877 2171 1987 2214 ἄλλοι
2017 2171 2209 2227 Ἕλληνες
2240 2170 2304 2213 καὶ
2333 2172 2409 2228 οὐχ
2437 2170 2571 2227 ἥκιστα
2607 2172 2656 2226 li.
2689 2186 2725 2214 e.

386 2243 612 2296 maxime}
654 2243 690 2284 οἱ
710 2240 844 2289 Ἴωνες
874 2241 938 2284 καὶ
981 2240 1065 2284 ὅσοι
1106 2241 1184 2284 ἀπὸ
1221 2242 1413 2297 βασιλέως
1449 2241 1583 2284 νεωστὶ
1614 2241 1881 2297 τ’,λευῦἐρωντο
1920 2244 2020 2285 siue
2062 2242 2195 2296 Ξυνέβη
2212 2275 2220 2282 .
2237 2275 2246 2283 .
2287 2242 2373 2288 τοὺς
2415 2240 2634 2297 ἕυμμᾶχους
2664 2243 2730 2281 τῶι

387 2309 533 2352 ἐκείνου
565 2310 679 2368 ἔχθει
708 2310 794 2367 παρ’
826 2310 1054 2366 Ἀθηναίους
1084 2310 1373 2366 μετατάξασθαι
1409 2311 1508 2365 πλὴν
1546 2315 1616 2352 τῶν
1656 2309 1735 2352 ἀπὸ
1774 2309 2063 2365 Πελοποννήσου
2101 2313 2349 2366 στρατιωτῶν.
2411 2311 2603 2355 omnino
2637 2310 2729 2353 ista

387 2382 504 2424 ratio
547 2395 642 2437 qua
683 2396 740 2425 ex
777 2381 967 2430 silentio
1000 2379 1227 2425 Herodoti
1257 2385 1500 2437 tamquam
1546 2394 1602 2425 ex
1642 2394 1761 2437 puro
1805 2386 1849 2424 et
1891 2378 2088 2436 limpido
2133 2378 2262 2425 fonte
2294 2384 2510 2423 accurata
2541 2377 2729 2423 illarum

386 2463 542 2493 rerum
593 2451 769 2494 notitia
823 2450 1002 2494 hauriri
1056 2464 1196 2506 posse
1253 2448 1546 2500 credebatur,
1611 2449 1731 2494 mihi
1788 2447 1976 2505 quidem
2028 2463 2121 2492 non
2168 2448 2336 2505 placet,
2383 2447 2464 2492 sed
2511 2461 2564 2491 ea
2611 2460 2731 2503 quae

387 2519 577 2574 scripsit
606 2517 702 2570 ille,
738 2518 988 2572 diligenter
1019 2524 1063 2563 et
1094 2518 1332 2564 subtiliter
1361 2519 1587 2575 pensitari
1620 2523 1667 2564 et
1697 2518 1955 2563 examinari
1994 2515 2154 2562 malim
2198 2530 2342 2573 quam
2381 2530 2436 2560 ea
2466 2515 2522 2560 de
2554 2516 2730 2572 quibus

386 2587 592 2631 tacuisse
624 2585 820 2632 uidetur.
884 2589 1072 2644 scripsit
1094 2602 1205 2633 uero
1228 2586 1595 2633 Atheniensium
1618 2588 1713 2632 acri
1735 2585 1893 2632 studio
1918 2585 2291 2643 Peloponnesios
2314 2587 2523 2629 cessisse.
2579 2585 2729 2641 siqui-

387 2653 494 2699 dem
511 2653 568 2699 de
587 2656 785 2701 urbibus
804 2655 962 2706 Asiae,
985 2670 1104 2712 quae
1121 2655 1232 2713 plus
1250 2670 1391 2712 quam
1410 2654 1605 2700 dimidia
1621 2669 1746 2712 pars,
1771 2661 1823 2700 ut
1839 2656 2086 2699 minimum
2108 2653 2274 2705 dicam,
2306 2656 2452 2698 totius
2469 2653 2632 2697 Ioniae
2645 2658 2733 2701 est,

386 2722 509 2769 nihil
554 2725 866 2775 statuebatur,
912 2723 1249 2782 Peloponnesii
1288 2738 1383 2768 non
1426 2737 1620 2776 cessere,
1667 2724 1751 2768 sed
1796 2738 1943 2782 paene
1980 2726 2207 2769 uicerunt.
2253 2722 2571 2767 Athenienses
2620 2735 2731 2765 uero

386 2793 600 2839 colonias
632 2807 745 2839 suas
775 2808 874 2840 non
915 2796 1009 2839 acri
1047 2794 1205 2839 studio
1249 2792 1570 2846 defenderunt,
1617 2793 1700 2839 sed
1733 2796 1903 2851 ignaue
1935 2800 1978 2836 ot
2017 2793 2246 2846 ambigue.
2308 2791 2364 2836 de
2396 2790 2598 2835 coloniis
2630 2792 2731 2834 suis

388 2862 764 2921 Peloponnesios
788 2865 1031 2911 decernere
1041 2865 1359 2909 Athenienses
1381 2870 1653 2908 uetuerunt:
1683 2869 1729 2908 at
1750 2864 1935 2908 Lesbus
1959 2862 2127 2907 Samus
2149 2861 2296 2907 Chius
2320 2860 2534 2907 coloniae
2547 2860 2734 2904 Atticae

387 2935 549 2978 erant?
595 2932 652 2980 de
670 2933 826 2981 Lesbo
849 2947 908 2980 ne
931 2935 1075 2981 uerbo
1095 2932 1284 2991 quidem
1307 2947 1427 2991 opus
1445 2937 1529 2986 est,
1555 2931 1752 2979 Samum
1771 2933 1827 2979 ab
1848 2931 2118 2991 Epidauriis
2139 2930 2379 2976 conditam
2395 2943 2499 2975 esse
2531 2934 2733 2979 constat,

387 3000 495 3047 Chii
516 3001 807 3049 conditorem
826 3002 1153 3061 Oenopionem
1169 3001 1339 3048 Thesei
1361 3000 1513 3048 filium
1536 3015 1687 3061 neque
1708 3007 1866 3048 tamen
1884 3002 2085 3046 Athenis
2106 3000 2367 3058 profectum
2392 3012 2495 3042 esse
2517 3000 2568 3042 Io
2592 2999 2736 3042 finxit

389 3070 466 3126 [cf.
478 3070 603 3118 Plut.
616 3071 752 3118 Thes.
766 3075 823 3118 20
839 3072 979 3117 Paus.
995 3077 1035 3125 7,
1047 3076 1088 3124 4,
1103 3072 1193 3127 10⁷1.
1214 3071 1391 3117 Milesii
1408 3077 1565 3115 autem
1583 3074 1813 3130 imprimis
1824 3071 2026 3115 Athenis
2045 3073 2093 3113 in
2108 3071 2271 3113 Asiam
2289 3083 2339 3112 se
2356 3071 2548 3112 uenisse
2556 3069 2734 3122 gloria-

385 3141 561 3185 bantur
581 3141 813 3196 [cf.1,146.
832 3145 873 3193 5,
890 3145 958 3185 97.
972 3145 1012 3194 6,
1030 3141 1126 3195 21],
1141 3144 1391 3198 praecipue
1409 3141 1620 3185 Milesios
1640 3156 1668 3184 a
1686 3141 1842 3185 Persis
1860 3145 1967 3196 post
1985 3141 2229 3183 uictoriam
2240 3138 2565 3193 Mycalensem
2581 3137 2733 3182 desei-

386 3211 515 3253 uissc
531 3209 800 3256 Herodotus
827 3211 974 3268 paulo
1002 3215 1141 3255 antea
1167 3213 1395 3254 narrauit:
1429 3210 1487 3255 de
1509 3212 1564 3253 iis
1588 3209 1712 3254 1111111
1734 3225 1791 3254 ne
1822 3225 1927 3253 eum
1951 3208 2128 3252 dixisse
2152 3205 2254 3251 ulla
2281 3208 2465 3252 ratione
2486 3206 2736 3263 probabile

386 3280 525 3323 uobis
551 3279 770 3324 uidetur?
817 3280 935 3324 mihi
967 3278 1157 3336 quidem
1175 3294 1268 3336 quo
1287 3281 1479 3336 saepius
1502 3286 1546 3323 et
1581 3280 1808 3323 attentius
1836 3277 1967 3323 illam
1992 3279 2158 3321 seriem
2183 3277 2278 3330 legi
2295 3274 2360 3317 καὶ
2378 3274 2482 3318 οὕτω
2499 3276 2548 3331 δὴ
2566 3276 2735 3330 Σαμίους

384 3364 426 3390 τε
455 3346 521 3390 καὶ
551 3347 672 3396 Χίους
702 3349 765 3392 καὶ
799 3348 983 3406 Λεσβίους
1013 3347 1077 3391 καὶ
1109 3348 1196 3396 τοὺς
1227 3345 1368 3396 ἄλλους
1397 3347 1594 3404 νησιώτας,
1625 3364 1679 3393 eo
1711 3350 1879 3393 certius
1911 3346 2112 3403 probare
2142 3359 2285 3403 posse
2307 3345 2428 3391 mihi
2461 3347 2596 3391 uisus
2629 3360 2735 3390 sum

385 3419 435 3463 in
466 3417 555 3463 hac
587 3420 705 3464 serie
721 3433 804 3477 per
832 3418 1133 3465 librariorum
1166 3419 1396 3463 incuriam
1428 3415 1607 3475 aliquid
1626 3416 1854 3463 excidisse
1886 3430 2036 3472 neque
2068 3428 2096 3459 a
2126 3429 2201 3460 me
2233 3417 2485 3473 impetraui
2518 3422 2569 3460 ut
2586 3414 2734 3460 Tene-

385 3485 571 3533 diorum
596 3487 851 3534 Icariorum
875 3487 1121 3534 Leriorum
1154 3487 1368 3534 noluisse
1399 3485 1689 3533 Herodotum
1723 3501 1817 3532 non
1850 3487 2123 3531 meminisse
2154 3484 2403 3539 crederem,
2445 3485 2502 3530 de
2534 3484 2736 3529 Milesiis

2433 3569 2455 3603 2
