3054 4150
342 277 398 322 10

338 401 566 460 Ephesiis
608 400 925 460 Colophoniis
966 400 1044 447 his
1076 400 1310 447 'omnibus
1348 414 1408 445 ne
1455 397 1654 446 uerbum
1692 395 1884 459 quidem
1922 395 2100 446 fecisse.
2172 398 2318 446 immo
2359 396 2532 445 mirum
2556 392 2700 456 ,illud

338 470 527 527 νησιώτας
573 472 632 518 ab
665 470 906 517 Herodoto
939 469 1074 516 nulla
1112 469 1209 514 alia
1248 468 1306 513 de
1346 482 1491 513 causa
1526 469 1737 526 positum
1777 481 1881 512 esse
1922 466 2200 514 crediderim
2241 469 2336 514 nisi
2366 470 2423 514 ut
2452 464 2699 513 dimidiam

338 546 521 598 partem
559 541 661 585 eius
701 541 911 584 notionis
955 538 1165 595 expleret
1201 551 1296 595 qua
1326 539 1540 582 uniuersi
1569 537 1707 581 Iones
1740 535 2142 590 significarentur:
2184 552 2244 582 ne
2274 537 2441 588 multa,
2463 533 2697 581 'Herodo-

339 614 442 655 tum
474 610 723 666 scripsisse
753 612 870 666 puto
914 604 980 648 καὶ
1009 603 1113 649 οὕτω
1145 605 1194 662 δὴ
1226 604 1396 662 Σαμίους
1435 621 1477 648 τε
1507 602 1572 648 καὶ
1604 602 1726 655 Χίους
1763 601 1828 647 καὶ
1860 602 2046 662 Λεσβίους
2076 603 2142 648 καὶ
2172 605 2262 655 τοὺς
2291 602 2434 654 ἄλλους
2459 602 2558 660 (καὶ
2588 601 2700 660 η’πει-

337 677 459 734 ρώτας
490 676 588 729 καὶ)
614 676 800 732 νησιώτας
830 675 868 717 οἳ
897 675 1034 733 ἔτυχον
1064 674 1407 732 συστρατευόμενοι
1435 676 1553 717 τοῖσιν
1571 671 1766 729 ’Ἕλλησιν
1796 675 1835 721 ἐς
1865 674 1908 716 τὸ
1939 674 2185 732 συμμαχικὸν
2215 674 2503 731 ἑσεποιήσαντο.

545 744 624 790 IV.
688 745 906 802 Denique
937 743 1082 790 finem
1114 744 1284 790 faciam
1316 743 1659 790 emendationis
1691 741 1920 789 Herodoti
1951 748 1998 789 et
2028 744 2169 790 uobis
2200 743 2493 791 solutionem
2521 757 2696 802 propo-

338 829 449 861 nam
481 829 643 861 earum
674 815 1012 872 quaestionum
1045 827 1165 872 quas
1198 813 1282 860 ille
1314 828 1365 860 se
1396 814 1622 859 extricare
1653 827 1751 859 non
1780 826 1924 871 posse
1956 814 2058 871 ipse
2090 812 2263 859 fatetur
2292 814 2343 858 in
2373 811 2498 860 libro
2530 817 2698 871 quarto

341 882 464 940 [4511
486 883 512 940 ἡ
536 883 706 941 Εὐρώπη
737 881 828 925 οὔτε
843 916 852 925 .
868 915 877 925 .
899 882 1125 939 γινώπκεται
1141 915 1150 925 .
1167 915 1176 924 .
1193 916 1202 925 .
1223 883 1366 926 ὁκόθεν
1395 884 1438 925 τὸ
1469 879 1591 938 ὄνομα
1623 881 1742 938 ἔλαβε
1762 885 1874 924 τοῦτο
1894 878 1984 924 οὔτε
2014 879 2116 930 ὅστις
2146 881 2183 924 οἱ
2213 877 2262 937 ἧν
2282 881 2304 924 ὁ
2327 881 2487 938 θέμενος
2508 880 2698 939 φαίνεται,

337 954 371 996 εἰ
402 953 456 1010 μή
496 952 575 995 ἀπὸ
612 956 681 1009 τῆς
710 951 851 1010 Τυρίης
882 952 1058 1010 φήσομεν
1092 950 1280 1009 Εὐρώπης
1312 953 1444 1009 λαβεῖν
1480 951 1524 994 τὸ
1556 947 1678 1008 ὄνομα
1715 951 1784 1007 τήν
1820 950 1972 1009 χώρην·
2002 950 2187 1009 πρότερον
2227 949 2272 993 δὲ
2308 946 2356 1007 ἦν
2396 946 2474 1008 ἄρα
2505 948 2698 1007 ἀνώνυμος

335 1020 464 1080 ὥσπερ
495 1021 535 1065 αἱ
567 1022 707 1079 ἕτεραι.
770 1020 854 1065 ἀλλ’
890 1018 988 1077 αὕτη
1020 1036 1065 1077 γε
1096 1022 1140 1064 ἐκ
1170 1024 1238 1078 τῆς
1264 1020 1394 1077 Ἀσίης
1421 1036 1463 1063 τε
1488 1019 1667 1077 φαίνεται
1699 1021 1818 1063 ἐοῦσα
1843 1019 1909 1063 καὶ
1940 1019 2011 1064 οὐκ
2041 1019 2256 1077 ἀπικομένη
2288 1021 2328 1068 ἐς
2357 1019 2427 1076 τήν
2455 1023 2528 1076 γῆν
2556 1018 2700 1074 ταύτην

336 1089 418 1148 ἥτις
439 1095 504 1134 νῦν
526 1090 818 1148 ὑπὸἛλλήνων
837 1089 1004 1148 Εὐρώπη
1025 1091 1215 1141 καλεῖται,
1246 1089 1330 1133 ἀλλ’
1365 1088 1454 1134 ὅσον
1485 1091 1530 1133 ἐκ
1551 1089 1735 1147 Φοινίκης
1758 1091 1797 1139 ἐς
1820 1089 1988 1148 Κρήτην,
2020 1092 2064 1134 ἐκ
2081 1088 2237 1148 Κρήτης
2257 1087 2301 1132 δὲ
2333 1090 2372 1138 ἐς
2394 1087 2550 1145 Λυκίην.
2600 1090 2698 1134 scio

337 1175 412 1207 me
460 1175 557 1207 rem
590 1159 784 1218 aggredi
825 1174 853 1205 a
884 1159 1051 1206 multis
1084 1160 1259 1205 frustra
1290 1165 1337 1205 ct
1376 1159 1624 1205 infeliciter
1655 1166 1924 1218 susceptam
1966 1162 2118 1218 iisque
2149 1161 2293 1204 etiam
2323 1160 2406 1217 qui
2436 1171 2626 1203 summa
2655 1164 2701 1202 et

338 1230 554 1275 doctrina
585 1234 632 1274 et
663 1231 924 1286 sagacitate
967 1231 1140 1274 imbuti
1172 1231 1285 1274 huic
1317 1231 1508 1285 negotio
1548 1243 1739 1287 operam
1771 1229 1952 1281 dedere,
1994 1243 2135 1287 saepe
2170 1227 2501 1286 periculosam,
2545 1226 2697 1285 expli-

337 1301 573 1344 cationem
619 1299 724 1344 dico
773 1299 1045 1344 fabularum
1088 1299 1385 1344 Graecarum.
1451 1304 1659 1344 attamen
1701 1298 1988 1345 Graecorum
2034 1300 2388 1356 superstitionis
2427 1298 2565 1354 quasi
2605 1298 2702 1342 ima

339 1368 482 1413 corda
513 1382 759 1424 uenasque
790 1383 887 1414 non
920 1369 1169 1413 scrutabor
1200 1393 1252 1398 —
1284 1367 1404 1412 talia
1434 1366 1611 1412 discere
1642 1367 1770 1412 malo
1803 1368 1862 1413 ab
1894 1367 1994 1413 illis
2027 1368 2202 1425 quibus
2233 1367 2401 1413 Musae
2432 1371 2478 1411 et
2508 1364 2701 1411 Gratiae

339 1437 430 1483 hoc
461 1451 640 1482 munus
674 1435 841 1483 dedere
860 1451 1001 1493 quam
1034 1437 1137 1493 ipse
1167 1441 1340 1482 temere
1372 1441 1418 1482 et
1441 1437 1584 1494 impie
1615 1435 1794 1482 futtilia
1824 1435 1989 1483 docere
2012 1461 2081 1490 -,
2111 1435 2196 1483 sed
2226 1434 2350 1483 nihil
2380 1450 2454 1482 me
2486 1439 2701 1481 acturum

339 1520 444 1551 esse
487 1505 713 1564 profiteor
758 1507 851 1550 nisi
899 1510 953 1550 ut
998 1504 1339 1563 impedimenta
1385 1504 1616 1562 quaedam
1662 1505 1873 1551 melioris
1919 1507 2116 1551 notitiae
2168 1505 2438 1551 fabularum
2478 1517 2599 1562 quae
2639 1502 2701 1548 ad

340 1575 587 1633 Europam
619 1577 816 1632 eiusque
834 1580 1126 1637 ‘sectatorem
1159 1573 1392 1619 Cadmum
1435 1577 1685 1632 pertinent,
1733 1573 2000 1620 amonendo
2045 1574 2153 1619 aliis
2197 1576 2327 1619 uiam
2357 1572 2623 1631 planiorem
2655 1578 2701 1617 et

341 1643 710 1690 commodiorem
741 1648 990 1702 praestem.
1054 1658 1113 1688 ne
1146 1646 1214 1688 ita
1245 1642 1436 1700 quidem
1470 1645 1632 1688 omnia
1652 1643 1847 1689 feliciter
1877 1644 1996 1689 mihi
2025 1657 2129 1688 esse
2151 1657 2342 1688 cessura
2363 1657 2520 1700 spero:
2553 1656 2697 1700 quae-

339 1727 528 1771 cunque
568 1715 713 1769 igitur
752 1714 1047 1771 protulerim,
1093 1727 1147 1758 ea
1194 1714 1355 1757 onmia
1396 1718 1611 1758 accurate
1657 1719 1704 1758 et
1748 1712 1988 1758 incredule
2034 1714 2316 1758 examinetis
2364 1714 2524 1770 potius
2557 1726 2699 1769 quam

341 1784 599 1842 accipiatis.
2028 1833 2036 1841 ·

548 1852 780 1898 Similiter
821 1859 960 1911 atque
1005 1852 1278 1897 Herodotus
1327 1854 1376 1897 in
1422 1853 1637 1910 Lyciam,
1682 1853 1955 1911 Aeschylus
1988 1853 2229 1911 Europam
2263 1852 2402 1898 Creta
2432 1854 2480 1898 in
2515 1852 2701 1897 Cariam

340 1925 532 1967 uenisse
563 1921 760 1967 tradidit
790 1924 841 1967 in
872 1921 1115 1978 tragoedia
1156 1923 1231 1965 cui
1264 1923 1508 1978 inscripsit
1542 1921 1671 1979 Κᾶρες
1701 1920 1727 1978 ἢ
1761 1921 1940 1979 Εὐρώπη.
2001 1936 2112 1968 110111
2145 1920 2272 1979 quod
2304 1921 2498 1979 Europa
2528 1921 2612 1977 frg.
2645 1925 2701 1966 99

340 2005 391 2035 00
425 1990 636 2036 Minoem
666 1992 907 2048 peperisse
938 1994 1113 2041 narrat,
1160 1989 1275 2034 11000
1308 1995 1465 2047 aperte
1496 1990 1557 2036 ad
1590 1990 1777 2036 Cretam
1809 1996 2037 2048 spectant,
2076 1991 2321 2047 inscriptio
2353 2004 2465 2037 uero
2498 1989 2702 2042 fabulae,

340 2066 494 2105 metus
540 2059 599 2105 de
630 2058 903 2117 Sarpedone
934 2057 1052 2109 filio,
1096 2073 1271 2104 nomen
1304 2058 1481 2116 Mylasi
1528 2060 1633 2115 [fl-g.
1670 2059 1773 2115 101⁴}
1816 2061 1970 2117 ipsam
2015 2075 2113 2106 rem
2154 2061 2204 2105 in
2236 2059 2375 2105 Caria
2412 2064 2566 2105 actam
2598 2073 2701 2104 0000

340 2143 449 2174 eum
481 2142 670 2186 quoque
702 2127 873 2173 docent
913 2129 994 2184 qui
1027 2127 1305 2173 Buecheleri
1343 2127 1662 2173 emendationi
1693 2128 1776 2184 frg.
1809 2132 1879 2180 99,
1914 2132 2003 2174 170
2038 2143 2135 2174 11011
2168 2127 2498 2185 adstipuletur.
2546 2127 2699 2173 Euro-

338 2212 450 2255 pam
483 2212 594 2243 uero
614 2196 904 2254 Sarpedonis
937 2201 1136 2241 matrem
1158 2197 1234 2251 [cf.
1260 2196 1451 2242 Hesiod.
1472 2211 1545 2254 ap.
1566 2197 1713 2243 schol.
1750 2197 1788 2239 M
1806 2201 1892 2242 292
1923 2197 2071 2243 schol.
2105 2197 2248 2242 Rhes.
2267 2200 2323 2243 28
2353 2196 2524 2242 Herod.
2562 2202 2599 2249 1,
2619 2200 2702 2242 173

340 2266 483 2313 Rhes.
504 2270 560 2313 29
592 2265 830 2324 Lycophr.
854 2269 965 2311 1284
996 2270 1041 2310 et
1072 2265 1474 2324 mythographosl
1509 2268 1749 2324 propriam
1781 2279 1885 2312 esse
1916 2266 2092 2325 Lyciae
2125 2272 2335 2325 apparet,
2373 2267 2458 2313 ubi
2489 2265 2700 2324 Sarpedo

340 2337 519 2383 diuinis
550 2336 816 2383 honoribus
850 2335 1096 2382 colebatur
1130 2336 1286 2392 [11671
1313 2350 1380 2394 sq.
1415 2351 1450 2381 0.
1484 2336 1652 2382 0011011.
1685 2336 1815 2395 Pepl.
1844 2340 1900 2382 53
1932 2337 2138 2396 Appian.
2171 2336 2282 2383 bell.
2315 2338 2403 2382 ciu.
2436 2340 2479 2389 4,
2510 2339 2576 2382 78.
2606 2335 2699 2391 791,

340 2421 494 2466 neque
535 2420 664 2452 mera
704 2405 983 2452 confusione
1015 2406 1313 2463 Aeschylum
1352 2406 1538 2452 Cariam
1576 2420 1660 2464 pro
1692 2406 1842 2464 Lycia
1879 2409 2101 2466 posuisse
2133 2406 2359 2453 Straboni
2394 2407 2473 2462 [14
2512 2420 2556 2464 p.
2591 2405 2697 2460 6651

341 2476 590 2522 credamus
639 2481 836 2534 oportet.
934 2475 1062 2532 quod
1108 2478 1233 2520 enim
1282 2474 1544 2521 secundum
1590 2481 1794 2522 ueterem
1854 2475 2067 2523 fabulam
2112 2477 2332 2524 Phoenix
2377 2476 2525 2522 fuisse
2569 2480 2703 2533 pater

341 2545 562 2603 Europae
598 2545 652 2600 [Ξ
683 2548 764 2590 321
799 2560 834 2590 0.
869 2544 1037 2591 scholl.
1072 2546 1154 2590 As,
1189 2560 1262 2602 ap.
1298 2544 1438 2589 Paus.
1473 2549 1512 2596 7,
1529 2549 1611 2596 4,1
1646 2546 1756 2591 Eur.
1786 2546 1868 2602 frg.
1903 2549 1988 2591 472
2019 2547 2199 2592 Antim.
2234 2559 2306 2604 ap.
2341 2545 2504 2603 Steph.
2536 2559 2581 2602 p.
2601 2548 2700 2598 619,

341 2619 369 2659 5
400 2615 582 2660 Mosch.
618 2614 728 2660 Eur.
760 2618 783 2660 7
817 2614 966 2659 001101.
1002 2614 1112 2659 Eur.
1154 2613 1331 2660 Phoen.
1366 2617 1394 2658 5
1435 2613 1581 2660 schol.
1627 2614 1667 2657 M
1699 2617 1785 2660 292
1826 2614 1860 2657 Β
1890 2618 1976 2661 494
2022 2615 2136 2661 Con.
2170 2618 2238 2661 32.
2272 2618 2326 2661 37
2359 2613 2585 2673 Palaeph.
2621 2613 2703 2671 16],

293 2678 296 2681 “
342 2689 528 2742 praeter
558 2683 648 2730 hoc
679 2697 791 2730 uero
824 2682 948 2728 nihil
981 2684 1175 2728 omnino
1208 2684 1361 2737 egisse
1392 2682 1550 2732 fertur.
1582 2682 1630 2727 id
1661 2683 1783 2729 nihil
1814 2683 1973 2742 prodit
2004 2685 2099 2729 nisi
2129 2683 2372 2741 Europam
2403 2698 2461 2729 ex
2494 2683 2700 2730 Phoeni-

342 2755 416 2798 cia
461 2768 565 2798 esse
613 2758 784 2803 ortam,
840 2766 933 2808 quo
990 2753 1183 2797 nomine
1245 2750 1359 2797 olim
1410 2751 1597 2797 Cariam
1644 2751 1962 2808 significatam
2007 2766 2110 2799 esse
2164 2757 2275 2811 post
2329 2751 2386 2798 H.
2429 2752 2486 2798 D.
2529 2751 2704 2798 Miiller

346 2821 573 2881 [Mythol.
594 2820 828 2878 d.g1·iech.
849 2819 1061 2866 Stamme
1086 2820 1168 2878 Ip.
1195 2824 1280 2867 308
1312 2820 1404 2878 sq.l
1440 2820 1580 2867 multi
1612 2823 1883 2879 probauere.
1945 2823 2234 2879 grauissima
2273 2826 2437 2867 extant
2467 2821 2702 2866 Corinnae

343 2891 745 2948 Bacchylidisque
790 2892 1068 2934 testimonia
1114 2890 1241 2946 apud
1280 2891 1581 2935 Athenaeum
1629 2892 1677 2945 [4
1707 2906 1749 2948 p.
1789 2896 1870 2937 174
1887 2892 1909 2936 f
1917 2892 1927 2946 Ι
1962 2894 1996 2933 εἰ
2018 2893 2073 2948 μὴ
2113 2887 2192 2947 ἄρα
2222 2888 2287 2932 καὶ
2318 2889 2344 2946 ἡ
2378 2889 2509 2947 Καρία
2540 2889 2703 2945 Φοινίκη

343 2962 520 3003 ἐκαλεῖτο
560 2959 613 3007 ὡς
655 2959 761 3015 παρὰ
805 2957 986 3015 Κορίννηι
1026 2957 1091 3001 καὶ
1133 2958 1379 3017 Βακχυλίδηι
1415 2958 1514 3002 ἔστιν
1556 2958 1690 3016 εὑρεῖν,
1730 2961 1992 3018 Atymnius
2024 2960 2281 3007 Phoenicis
2322 2958 2453 3005 filius
2485 2958 2704 3018 Europae

343 3029 486 3075 frater
527 3029 666 3075 1101·οο
700 3027 895 3074 Caricus
927 3034 999 3075 est
1033 3027 1112 3085 [H.
1146 3028 1203 3073 Ι).
1238 3027 1413 3074 Miiller
1442 3028 1471 3074 1.
1505 3029 1583 3084 01,
1627 3030 1801 3088 Lycios
1834 3029 2044 3085 Quintus
2084 3031 2166 3088 qui
2207 3028 2379 3076 dicitur
2409 3028 2703 3088 Smyrnaeus

344 3100 412 3143 ita
453 3097 679 3144 describit
719 3098 782 3153 [8,
817 3097 920 3153 106]
964 3096 1103 3146 πάντες
1143 3095 1227 3140 ὅσοι
1258 3096 1438 3146 Φοίνικος
1478 3098 1563 3146 ἕδος
1603 3097 1690 3156 περὶ
1729 3098 1862 3158 πάγχυ
1898 3099 2077 3157 νέμονται
2114 3098 2210 3142 αἰπύ
2248 3115 2291 3142 τε
2322 3097 2586 3142 Μασσικύτοιο
2623 3097 2703 3156 ’ρίον

344 3165 477 3224 βωμόν
507 3181 550 3209 τε
572 3165 781 3224 Χιμαίρης,
814 3167 1102 3214 Phoenicem
1128 3166 1473 3226 Astypalaeam
1492 3167 1828 3227 Europamque
1857 3171 2082 3225 genuisse
2099 3169 2248 3215 Asius
2270 3167 2467 3214 tradidit
2486 3170 2537 3213 in
2559 3167 2702 3213 Samo

344 3235 505 3282 insula
533 3236 696 3292 [PauS.
718 3240 758 3289 7,
774 3241 816 3290 4,
837 3241 857 3282 1
887 3237 940 3282 cf.
966 3236 1114 3284 schol.
1135 3238 1225 3295 Ap.
1245 3238 1357 3294 Arg.
1380 3240 1419 3290 1,
1439 3241 1532 3283 185.
1556 3241 1597 3290 2,
1614 3238 1739 3295 8661,
1767 3252 1910 3297 quam
1928 3239 2044 3286 olim
2061 3252 2090 3283 a
2106 3239 2307 3285 Caribus
2324 3238 2540 3284 barbaris
2563 3251 2702 3283 occu-

343 3311 506 3364 patam
545 3306 694 3351 fuisse
725 3311 915 3351 constat
945 3305 1014 3362 [cf.
1048 3320 1084 3351 0.
1116 3320 1160 3362 g.
1193 3306 1503 3353 Menodotum
1536 3320 1609 3364 ap.
1643 3308 1754 3353 Ath.
1793 3312 1846 3352 15
1876 3322 1919 3367 p.
1950 3312 2076 3354 672a
2108 3307 2187 3354 uel
2212 3307 2623 3364 Themistagoram
2654 3309 2703 3352 in

345 3381 487 3433 etym.
521 3389 581 3420 m.
614 3389 658 3434 p.
695 3379 790 3428 160,
822 3375 907 3432 22],
945 3378 1140 3422 0111111110
1164 3379 1357 3422 1101111110
1379 3376 1672 3422 Phoenicum
1691 3376 1915 3424 aGraeco
1948 3377 2092 3424 uerbo
2112 3376 2288 3423 Graece
2319 3376 2518 3423 formato
2537 3376 2705 3422 Graeci

345 3447 544 3503 antiquo
597 3451 808 3504 tempore
854 3460 952 3491 non
992 3460 1136 3491 unam
1185 3452 1232 3492 et
1271 3451 1445 3492 certam
1491 3445 1732 3505 quandam
1777 3453 1967 3505 gentem
2013 3447 2283 3507 appellasse
2329 3446 2566 3500 uidentur,
2606 3445 2704 3493 sed.

346 3517 441 3561 nisi
472 3517 634 3562 omnia
663 3529 739 3561 me
770 3514 958 3569 fallunt,
991 3530 1155 3562 omnes
1189 3519 1459 3575 quicunque
1488 3519 1668 3575 piratae
1700 3518 1929 3563 barbarae
1962 3520 2158 3574 originis
2190 3532 2318 3563 mare
2349 3522 2396 3562 et
2425 3516 2587 3563 littora
2617 3529 2706 3562 sua
