3054 4150
309 188 337 232 6

311 315 578 361 Hecataeus
622 329 735 360 uero
779 319 826 360 et
857 313 1127 361 Herodotus
1171 317 1285 373 quin
1328 316 1387 361 ab
1421 317 1526 372 ipso
1559 315 1803 372 Stephano
1844 314 1956 360 lecti
1986 315 2097 368 sint,
2141 328 2282 361 nemo
2311 314 2484 360 harum
2514 326 2670 359 rerum

311 387 494 443 peritus
542 383 743 431 dubitat.
821 398 882 429 an
927 383 1247 430 Hildebrandt
1292 382 1412 428 tales
1465 384 1669 442 ineptias
1717 383 1882 441 quales
1916 382 2192 442 Stephanus
2234 383 2324 430 sub
2361 381 2668 430 lemmatibus

306 444 519 511 Ἀρτεᾶται
544 455 610 512 [ρ.
646 457 744 506 128,
774 457 801 498 4
832 453 887 498 οι.
914 456 1010 505 127,
1032 444 1099 508 ej,
1130 452 1258 495 Θυέλα
1298 452 1594 510 [p.319,11],
1627 451 1843 510 Καλάοιρις
1878 454 1943 512 [p.
1967 457 2067 508 347,
2088 453 2186 509 22],
2214 451 2451 512 Χομψώιρ.
2470 455 2570 505 695,
2589 451 2665 508 14]

310 538 369 569 ex
400 523 530 570 mala
557 522 787 569 Herodoti
817 523 1020 567 lectione
1050 521 1265 579 protulit,
1305 523 1615 578 grammatico
1646 522 1802 567 bonae
1832 524 2002 568 aetatis
2034 522 2350 569 attributurus
2382 525 2488 568 est?
2548 527 2670 567 recte

313 598 473 639 autem
504 594 651 639 uerba
668 591 900 648 Stephani
932 589 1128 647 Κρηστών,
1159 590 1270 638 πόλις
1300 589 1482 647 Θράικης.
1542 589 1646 632 ἔοικε
1675 589 1720 632 δὲ
1751 589 1849 632 εἶναι
1879 589 1905 646 ἡ
1938 590 2124 648 Κρηστών
2153 590 2240 648 παρ’
2269 591 2492 649 Ἥροὸότωι
2525 590 2666 636 intel-

307 664 405 719 legi
437 678 535 708 non
567 674 709 720 posse
740 658 980 704 Meinekio
1013 662 1248 705 concessit
1278 674 1431 717 neque
1473 664 1633 705 tamen
1664 665 1785 705 recte
1822 659 1956 705 illius
1989 662 2284 706 coniecturae
2316 659 2528 718 Κρηστώνη
2558 659 2669 707 πόλις

311 732 482 789 Θράικης
514 728 835 787 adstipulatus
869 734 952 773 081.
1014 731 1160 774 11111110
1192 731 1431 788 reputanti
1464 728 1697 788 Stephani
1728 743 1826 774 non
1857 731 2016 787 ipsum
2058 728 2250 783 librum,
2297 729 2381 775 sed
2412 731 2669 789 epitomem

311 807 470 846 extare
502 803 549 844 in
582 803 789 843 mentem
822 800 986 843 ueniat
1017 798 1132 844 olim
1165 800 1214 843 in
1247 800 1352 856 ipso
1384 798 1507 843 libro
1539 804 1650 856 post
1680 798 1855 843 lemma
1886 797 2186 856 disputatum
2207 798 2356 844 fuisse
2385 814 2449 844 an
2471 799 2669 844 Oresten

312 871 425 915 urbs
458 870 680 920 extiterit,
720 874 822 912 tum
861 882 889 911 a
921 866 1166 925 Stephano
1208 869 1355 913 uerba
1386 867 1489 909 ἔοικε
1515 893 1571 899 -
1597 867 1821 925 ἹΙροδότωι
1852 866 1999 912 simili
2035 867 2197 913 addita
2227 864 2330 913 esse
2361 870 2545 914 ratione
2577 881 2671 926 qua

310 940 524 983 lemmati
551 936 695 983 Ἰνυκός
729 951 786 981 ex
818 937 997 994 Hippia
1034 940 1212 981 maiore
1245 937 1462 982 Platonis
1499 939 1565 995 lp.
1599 941 1684 982 282
1701 938 1748 992 01
1790 937 2043 995 desumpto
2083 937 2333 995 adscripsit
2369 938 2434 995 [p.
2457 941 2557 990 332,
2593 937 2666 992 181

303 1008 517 1065 (Ηρόδοτος
547 1005 591 1048 δὲ
614 1002 748 1048 Ἴνυκα
780 1004 900 1062 αὐτήν
930 1022 1046 1062 φησιν
1078 1004 1156 1048 ἀπὸ
1188 1011 1256 1048 τοῦ
1280 1003 1390 1057 Ἴνυξ,
1428 1005 1532 1048 ἔοικε
1561 1005 1592 1048 δ’
1629 1006 1838 1064 ἐσφάλθαι.

517 1076 637 1120 Vtut
668 1076 785 1120 haee
820 1091 869 1119 80
901 1076 1096 1127 habent,
1129 1078 1273 1120 etiam
1305 1081 1414 1120 ante
1446 1075 1742 1133 Byzantinos
1762 1075 1974 1132 Κρηστῶνα
1997 1081 2042 1121 01
2070 1075 2274 1133 Κρότωνα,
2310 1076 2606 1134 Κρηστωνιῆται
2626 1082 2672 1121 et

313 1147 581 1202 Κροτωνιῆται
613 1148 661 1191 111
679 1144 909 1192 Herodoti
941 1143 1187 1191 codicibus
1220 1146 1435 1191 extitisse
1466 1148 1664 1190 constat.
1727 1146 1844 1190 mire
1879 1144 2051 1191 accidit
2082 1149 2136 1190 ut
2166 1148 2215 1192 in
2247 1145 2452 1192 aliorum
2484 1159 2671 1203 quoque

309 1218 593 1274 scriptorum
625 1214 775 1260 libros
808 1215 1159 1272 manuscriptos
1194 1214 1356 1259 eadem
1390 1213 1706 1271 discrepantia
1737 1215 1985 1271 irrepsisse
2006 1213 2236 1260 uideatur.
2300 1230 2358 1260 ex
2375 1214 2672 1273 Theopompi

298 1286 706 1342 quinquagesimo
740 1288 906 1340 quarto
941 1282 1176 1340 quaedam
1194 1283 1469 1328 Athenaeus
1508 1283 1556 1338 13
1587 1297 1631 1339 p.
1652 1286 1704 1327 ’Π
1724 1281 1776 1336 (11
1812 1284 2024 1327 seruauit
2055 1297 2176 1340 quae
2208 1285 2425 1329 euenisse
2459 1284 2673 1329 feruntur

308 1352 394 1412 περὶ
435 1353 503 1410 τὴν
546 1350 754 1395 Βισαλτίαν
794 1350 859 1394 καὶ
896 1350 1124 1410 Ῡ.Χμφίπολιν
1174 1350 1237 1394 καὶ
1278 1349 1520 1408 Γραστωνίαν
1559 1349 1834 1408 (γραιστωνίαν
1866 1351 1932 1403 Α)
1978 1353 2045 1407 τῆς
2085 1350 2346 1401 Μακεδονίας.
2427 1351 2487 1398 ad
2531 1367 2671 1411 quem

308 1425 467 1470 locum
499 1423 731 1480 Stephani
763 1422 938 1467 lemma
970 1428 1244 1479 corruptum
1276 1420 1569 1466 referendum
1602 1427 1674 1466 est
1700 1422 1764 1478 lp.
1793 1425 1888 1473 199,
1906 1421 1983 1475 211
2021 1420 2244 1477 Ιάστρωνία
2275 1421 2386 1478 χώρα
2413 1421 2669 1471 Μακεδονίας,

308 1493 539 1547 θεόπομπος
580 1495 633 1534 νδ.
696 1494 790 1536 iam
838 1506 950 1536 uero
998 1492 1086 1536 hos
1122 1491 1406 1535 Grastonios
1439 1493 1484 1534 et
1517 1491 1796 1535 Grestonios
1845 1505 1964 1546 quos
1997 1490 2299 1546 Thucydides
2347 1490 2494 1536 altero
2541 1491 2664 1537 libro

312 1564 374 1618 12,
392 1568 460 1608 99.
499 1562 600 1615 1001
637 1567 681 1606 et
714 1560 987 1618 Stephanus
1021 1560 1110 1605 sub
1143 1559 1366 1604 lemmate
1400 1556 1621 1614 Γρηστωνία
1648 1559 1712 1616 lp.
1733 1559 1896 1613 213,8Ι
1923 1565 2272 1612 commemorat,
2307 1574 2334 1604 a
2364 1559 2665 1606 010810110018

309 1632 537 1677 Herodoti
570 1630 959 1687 Thucydidisque
998 1632 1047 1675 in
1089 1636 1258 1686 quarto
1298 1630 1419 1675 libro
1452 1644 1549 1674 non
1582 1628 1796 1673 diuersos
1829 1645 1932 1674 0880
1963 1629 2041 1674 1101
2073 1629 2184 1674 111(10
2214 1630 2413 1686 planum
2446 1630 2500 1674 fit
2538 1629 2665 1686 quod

309 1704 497 1758 utrique
539 1700 833 1746 Bisaltarum
871 1701 1016 1744 uicini
1056 1698 1279 1744 dicuntur
1320 1699 1516 1753 1Α111011.
1551 1702 1578 1743 3
1608 1712 1651 1754 Ι).
1687 1702 1738 1743 77
1759 1697 1788 1743 d
1830 1697 1973 1743 Thuc.
2008 1702 2049 1750 2,
2081 1703 2152 1750 99,
2183 1704 2210 1743 6
2263 1698 2433 1744 Herod.
2468 1703 2509 1746 8.
2546 1699 2664 1752 1161.

308 1777 451 1827 atque
492 1772 540 1814 in
586 1771 812 1814 uicesimo
845 1769 1207 1824 Theopompum
1251 1767 1308 1811 de
1352 1767 1513 1812 eadem
1558 1769 1749 1822 regione
1791 1770 1944 1822 egisse
1986 1770 2120 1812 testis
2165 1774 2236 1812 est
2268 1768 2554 1812 Aristoteles
2587 1770 2669 1824 qui

310 1840 453 1885 fertur
484 1838 541 1884 de
573 1837 876 1884 mirabilibus
913 1838 1020 1892 1122
1051 1836 1106 1882 Ol.
1129 1837 1299 1882 Athen.
1333 1840 1360 1882 9
1399 1850 1440 1892 p.
1474 1835 1630 1890 401bl
1671 1833 1765 1892 φασὶ
1797 1835 1840 1877 δὲ
1870 1834 1936 1878 καὶ
1968 1838 2008 1878 ἐν
2038 1839 2100 1892 τῆι
2131 1834 2320 1892 κροτωνία
2357 1835 2463 1891 παρὰ
2504 1835 2571 1889 την
2606 1834 2671 1877 Βι-

310 1911 456 1950 σαλτών
487 1907 619 1964 χώραν
661 1910 739 1948 κτλ.
802 1909 1025 1964 quoniam
1057 1904 1246 1962 κροτωνία
1280 1906 1467 1963 praebet
1513 1904 1661 1949 codex
1703 1907 1912 1962 optimus
1946 1905 2085 1950 Laur.
2120 1909 2190 1955 60,
2226 1908 2290 1957 19,
2323 1903 2507 1950 codices
2540 1903 2668 1949 dete-

310 1980 455 2022 riores
488 1976 677 2032 κροτωνία
708 1976 813 2031 παρὰ
848 1978 1089 2026 011111111111,
1136 1974 1265 2019 istud
1307 1988 1479 2018 nomen
1521 1977 1570 2018 111
1605 1974 1861 2031 archetypo
1901 1988 1998 2019 non
2039 1975 2162 2019 clare
2194 1977 2424 2031 scriptum
2458 1974 2535 2017 uel
2567 1987 2668 2017 cor-

310 2051 488 2091 rectum
521 2046 670 2091 fuisse
702 2044 891 2090 uidetur
922 2058 1075 2101 neque
1116 2043 1325 2089 dubitari
1357 2047 1513 2100 potest
1546 2044 1660 2099 quin
1693 2056 1750 2088 ex
1772 2041 2019 2099 Κρηστωνίαι
2056 2034 2212 2088 ortum
2244 2045 2319 2091 sit,
2352 2057 2445 2100 quo
2479 2044 2671 2087 nomine

309 2115 673 2172 Theopompum
707 2113 850 2159 simul
883 2128 990 2158 cum
1025 2111 1250 2168 Γραστωνία
1284 2128 1423 2157 11811111
1456 2127 1559 2157 0880
1591 2111 1866 2157 crediderim
1899 2127 1995 2157 non
2027 2112 2166 2158 aliter
2197 2126 2339 2169 quam
2368 2110 2670 2168 Thucydides

310 2192 355 2231 ot
395 2184 667 2242 Κρηπωνικόν
707 2190 753 2229 01
796 2181 1019 2240 Γρηπωνία
1067 2185 1241 2241 posuit.
1321 2182 1522 2239 denique
1562 2184 1679 2226 mira
1725 2188 1771 2227 et
1810 2181 2026 2227 inaudita
2071 2184 2121 2227 in
2152 2181 2381 2227 Herodoti
2427 2180 2670 2226 codicibus

310 2261 350 2309 3,
385 2260 466 2302 136
497 2255 724 2311 leguntur
754 2254 944 2299 haecce:
979 2254 1148 2295 ἐνταῦθα
1180 2251 1222 2294 δὲ
1255 2254 1298 2295 ἐκ
1330 2251 1572 2310 κρότωνας
1608 2253 1686 2309 {Rs
1708 2251 1923 2310 κρηπτώνης
1945 2252 2073 2307 cett!
2109 2255 2191 2308 τῆς
2223 2250 2476 2309 Δημοκήδεος
2503 2249 2670 2308 Ἀριστο-

308 2326 461 2383 φιλίδης
502 2330 573 2367 τῶν
605 2323 849 2381 Ταραντίνων
890 2324 911 2365 ὁ
950 2324 1130 2380 βασιλεὺς
1170 2328 1281 2365 τοῦτο
1320 2323 1388 2379 μὲν
1428 2323 1474 2364 τὰ
1515 2323 1688 2379 πηδάλια
1726 2324 1921 2380 παρέλυσε
1961 2326 2031 2364 τῶν
2065 2321 2277 2377 Μηδικέων
2318 2325 2435 2371 νεῶν,
2482 2326 2593 2363 τοῦτο
2625 2320 2668 2363 ὖὲ

310 2396 448 2444 αὐτοὺς
481 2396 568 2442 τοὺς
602 2395 752 2451 Πέρσας
785 2394 882 2451 εἶρξε
919 2394 968 2441 ὡς
1000 2392 1267 2440 κατασκόπους
1300 2395 1420 2449 δῆθεν
1452 2393 1593 2441 ἐόντας.
1654 2394 1692 2434 ἐν
1724 2389 1767 2434 ὧι
1799 2392 1841 2435 δὲ
1873 2389 1979 2434 οὗτοι
2009 2396 2130 2434 ταῦτα
2163 2390 2346 2450 ἔπασχον,
2383 2390 2403 2433 ὁ
2437 2390 2670 2447 Δημοκήδης

310 2469 348 2513 ἐς
381 2467 448 2520 την
484 2465 671 2520 Κρότωνα
713 2463 938 2505 ἀπικνεῖται.
1014 2471 1057 2508 ot
1090 2463 1278 2519 κρότωνος
1314 2468 1380 2517 τῆς
1428 2473 1469 2507 et
1514 2463 1729 2519 κρηστώνης
1770 2468 1836 2517 τῆς
1877 2468 2098 2519 corrupta
2125 2476 2228 2506 esse
2270 2468 2478 2519 apparet,
2516 2476 2667 2517 neque

311 2539 471 2581 minus
504 2542 663 2580 tamen
697 2533 876 2578 clarum
910 2539 982 2578 081
1012 2532 1218 2579 librariis
1264 2531 1340 2577 1101
1374 2535 1535 2589 potius
1576 2535 1642 2578 eis
1675 2535 1756 2589 qui
1788 2530 2018 2579 Herodoti
2051 2531 2197 2577 uerba
2235 2531 2388 2586 magis
2432 2545 2670 2576 recensere

311 2619 455 2661 quam
497 2602 758 2649 describere
797 2601 1035 2655 solebant,
1082 2602 1410 2647 confusionem
1450 2600 1730 2648 sollemnem
1769 2601 1962 2647 illorum
2003 2601 2252 2646 nominum
2301 2604 2463 2646 notam
2510 2599 2668 2646 fuisse.

309 2679 515 2719 ceterum
533 2686 638 2718 mea
655 2671 847 2729 quidem
869 2674 1105 2717 sententia
1128 2671 1217 2717 hoe
1236 2686 1386 2716 unum
1404 2686 1461 2716 ex
1483 2671 1701 2729 plurimis
1724 2669 2050 2727 neglegentiae
2072 2668 2305 2715 editorum
2328 2668 2665 2714 documentum

311 2748 381 2787 081
414 2740 543 2800 quod
575 2741 653 2786 uel
672 2740 977 2796 Wesselingii
1011 2742 1329 2786 coniecturam
1369 2739 1575 2797 ῥᾳστώνης
1608 2739 1683 2785 uel
1708 2739 1902 2785 Heroldi
1934 2737 2206 2796 χρησμοσύνης
2240 2743 2527 2795 receperunt,
2559 2752 2666 2782 011111

310 2827 463 2869 neque
509 2811 626 2856 haec
674 2811 819 2856 uerba
863 2817 971 2868 apte
1014 2809 1240 2868 explicari
1282 2812 1467 2868 possim
1516 2825 1666 2867 neque
1713 2808 1942 2855 articulus
1989 2809 2149 2855 locum
2185 2808 2372 2854 habeat.
2442 2808 2669 2865 quoniam

311 2886 502 2938 propter
546 2881 695 2927 uerba
736 2879 756 2921 ὁ
789 2878 1021 2935 Δημοκήδης
1063 2881 1102 2927 ἐς
1146 2879 1213 2936 τὴν
1249 2879 1435 2936 Κρότωνα
1477 2878 1691 2922 ἀπικνεῖται
1738 2878 1877 2924 illum
1918 2877 2143 2935 effugisse
2189 2882 2234 2923 et
2274 2875 2496 2922 conc-ludi
2532 2880 2579 2921 et
2612 2876 2670 2922 ab

310 2949 551 2994 Herodoto
584 2954 827 2994 narratum
859 2963 962 2992 esse
985 2948 1138 3001 debet,
1169 2951 1497 3008 proposuerim
1529 2949 1699 2990 ἐνθαῦτα
1730 2947 1772 2989 δὲ
1805 2946 2296 3004 ἐκ<ὃιὸ>ρήσκοντος
2328 2944 2589 3001 Δημοκήδεος·

520 3018 614 3063 Sed
645 3018 893 3063 redeamus
926 3018 986 3062 ad
1017 3018 1175 3063 locum
1206 3019 1319 3064 libri
1350 3021 1501 3076 primi.
1565 3020 1715 3074 primo
1750 3017 2085 3075 inquirendum
2108 3022 2179 3060 est
2201 3031 2261 3060 an
2284 3016 2507 3072 Dionysii
2528 3014 2666 3059 lectio

312 3103 424 3132 uera
455 3091 532 3134 sit.
569 3103 622 3132 00
668 3090 822 3143 magis
871 3102 963 3144 quo
1011 3095 1200 3133 nostrae
1249 3090 1418 3132 aetatis
1464 3088 1679 3132 historici
1719 3089 2033 3143 grauissimae
2079 3087 2389 3136 auctoritatis,
2439 3084 2670 3132 Niebuhr„

312 3158 520 3215 Kiepert,
551 3160 814 3202 nouissime
845 3157 1099 3207 Eduardus
1118 3158 1281 3213 Meyer
1316 3158 1574 3212 {Philolog
1609 3162 1679 3208 48,
1709 3160 1795 3202 482
1826 3156 1918 3213 sq!
1954 3181 2010 3186 -
2041 3155 2278 3201 Steinium
2312 3157 2360 3200 in
2392 3153 2672 3199 Herodoteis

311 3243 370 3273 110
401 3229 573 3272 curetis
607 3243 693 3273 1108
725 3241 916 3272 monere
947 3241 1043 3273 non
1075 3228 1445 3284 praetermittam
1479 3252 1535 3257 —
1565 3241 1648 3284 pro
1682 3227 1770 3272 hac
1810 3225 2014 3272 lectione
2051 3239 2194 3283 quam
2227 3226 2447 3270 acerrime
2485 3236 2670 3281 pugna-

313 3312 432 3343 uere.
497 3312 569 3342 res
604 3300 669 3343 ita
707 3312 756 3342 se
787 3297 945 3343 habet.
1009 3298 1279 3355 quicunque
1312 3295 1541 3352 Pelasgos
1584 3298 1632 3342 in
1664 3296 1903 3342 Etruriam
1936 3297 2126 3341 uenisse
2157 3294 2404 3346 tradidere,
2441 3293 2670 3350 Pelasgos

309 3367 642 3424 Tyrsenosque
675 3369 816 3412 unius
849 3366 1156 3424 eiusdemque
1186 3366 1356 3424 populi
1388 3366 1576 3412 diuersa
1607 3368 1801 3411 nomina
1837 3366 1985 3411 fuisse
2021 3365 2267 3411 credidere.
2331 3364 2459 3422 quod
2493 3365 2669 3420 optime

311 3437 577 3494 Dionysius
610 3437 780 3494 probat
801 3452 907 3482 eum
941 3451 1035 3481 uno
1059 3438 1150 3482 isto
1175 3435 1402 3481 Herodoti
1424 3436 1528 3482 1000
1552 3437 1747 3481 innixus
1770 3440 1935 3482 contra
1956 3436 2240 3481 sententiam
2274 3433 2418 3490 uolgo
2450 3431 2673 3478 traditam

2554 3544 2565 3562 ‘x
