3054 4150
2603 215 2721 270 ιτ,

307 335 483 393 Βουῡόη.
500 335 676 381 Bormam
690 336 857 397 Steph.
867 351 912 396 p.
925 340 1022 392 180,
1040 334 1198 395 19],ᾱο
1211 336 1359 397 Epiro
1375 337 1455 384 uel
1464 338 1637 397 Agaua
1650 337 1834 395 [Parth.
1853 341 1910 383 32
1925 337 2049 396 Hyg.
2067 342 2160 383 184.
2183 339 2308 399 2551],
2324 353 2444 398 quae
2463 339 2657 387 fabulae

309 403 557 466 Euripidis
572 405 776 454 Bacchis
797 407 1078 469 recentiores
1098 409 1228 460 sunt,
1258 404 1316 452 de
1337 405 1565 473 Cadmeis
1586 408 1646 454 ab
1665 405 1919 453 Encheleis
1950 405 2165 466 expulsis
2186 407 2345 464 [Diod.
2371 412 2439 462 19,
2454 407 2549 465 53].
2596 422 2657 455 ne

304 478 356 522 in
395 475 562 523 fabula
605 475 796 534 quidem
838 476 898 522 ab
929 474 1160 534 Euripide
1178 479 1387 537 ‚seruata
1413 475 1723 523 Harmoniam
1765 478 2032 536 antiquitus
2072 476 2231 522 locum
2273 492 2413 524 suum
2443 479 2655 524 tenuisse

308 543 599 599 crediderim,
621 544 715 591 ‘sed
735 544 1018 592 translatam
1037 559 1153 591 *esse
1183 559 1243 591 ex
1262 544 1413 592 altera
1440 545 1529 592 illa
1555 546 1721 593 fabula
1750 545 1808 592 de
1827 545 1995 592 Cadmi
2026 548 2209 605 nuptiis
2231 545 2424 601 diuinis,
2455 547 2505 593 id
2525 546 2654 606 quod

306 615 410 661 sine
440 613 587 662 dubio
619 613 791 661 accidit
831 617 882 661 in
922 628 976 661 eo
1009 613 1138 673 quod
1177 616 1228 661 in
1267 613 1364 661 fine
1393 608 1651 662 illius‘loci
1681 615 1933 675 Euripides
1970 615 2163 673 [Bacch.
2200 620 2309 663 1338
2339 617 2394 662 cf.
2427 616 2650 675 Apollod.

305 683 377 732 III
406 687 448 739 5,
478 688 520 738 4,
550 687 578 731 2
618 689 664 731 et
701 683 848 733 schol.
892 683 1029 731 Pind.
1062 683 1205 743 Pyth.
1238 688 1280 738 3,
1313 687 1395 732 153
1439 686 1573 731 cuius
1621 690 1784 732 auctor
1812 685 2090 745 Euripidem
2130 685 2258 732 male
2295 685 2551 741 intellexit]
2595 685 2653 732 de

306 753 486 803 Cadmo
517 755 569 803 in
599 768 793 814 campos
823 753 1022 813 Elysios
1052 752 1285 803 collocato
1316 759 1488 802 narrat.
1550 757 1645 803 iam
1677 771 1788 803 uero
1820 761 1952 802 utros
1984 755 2198 803 fabulam
2228 754 2363 803 illam
2394 754 2452 802 de
2474 754 2652 803 Cadmo

307 824 367 871 ad
407 824 674 871 Encheleas
713 825 885 881 fugato.
919 827 1213 881 excogitasse
1253 824 1469 879 credatiS,
1501 824 1732 872 Cadmeos
1772 841 1834 871 an
1866 825 2101 872 Boeotos?
2161 841 2273 871 nam
2310 825 2369 871 de
2399 825 2652 872 Encheleis

305 896 424 953 ipsis
454 895 659 952 cogitare
690 907 750 940 ne
779 908 863 952 per
879 893 1128 942 Strabonis
1161 893 1352 954 quidem
1369 896 1709 942 testimonium
1741 894 2010 952 deregibus
2028 894 2376 942 Enchelearum
2407 909 2468 941 ex
2485 894 2653 941 Cadmi

306 965 451 1022 stirpe
478 965 593 1009 ortis
614 963 739 1017 licet,
771 965 998 1021 quoniam
1029 963 1146 1010 talia
1176 978 1205 1010 a
1232 965 1448 1011 barbaris
1480 965 1578 1010 illis
1600 964 1718 1020 fingi
1748 964 1933 1010 crediue
1954 979 2050 1010 non
2071 969 2295 1023 poterant
2325 966 2419 1010 nisi
2451 966 2510 1010 iis
2532 969 2651 1009 tem-

306 1033 504 1092 poribus
524 1034 712 1092 .quibus
745 1032 1033 1079 Graecorum
1064 1047 1216 1082 sermo
1247 1033 1525 1092 litteraeque
1555 1034 1733 1091 ubique
1754 1048 1941 1080 summa
1962 1036 2256 1095 auctoritate
2273 1033 2516 1086 ualebant,
2548 1047 2651 1078 sae-

305 1100 434 1147 culis*
468 1101 572 1148 dico
604 1101 935 1148 Alexandrum
976 1103 1165 1147 secutis.
1226 1103 1459 1160 equidem,
1504 1108 1555 1149 ut
1598 1102 1743 1149 libere
1782 1103 1963 1161 loquar,
2009 1102 2407 1162 quandocumque
2438 1101 2650 1149 fabulam
2721 1115 2725 1118 ’

305 1171 440 1218 illam
471 1173 522 1217 in
553 1175 711 1217 mente
741 1185 895 1225 uerso,
941 1185 1127 1230 semper
1166 1171 1328 1218 audire
1368 1173 1487 1219 mihi
1527 1172 1691 1218 uideor
1721 1172 1925 1218 Boeotos
1967 1172 2189 1219 hostibus
2227 1174 2369 1219 uictis
2401 1170 2654 1218 crudeliter

306 1240 554 1303 irridentes
585 1255 841 1299 eorumque
870 1239 1146 1288 memoriam
1177 1243 1347 1295 iterum
1378 1232 1661 1300 iterumque
1681 1241 1820 1287 dictis
1852 1242 2034 1287 infestis
2065 1242 2369 1288 lacessentes.
2433 1240 2652 1287 similiter

307 1310 539 1357 Batonem
570 1310 853 1369 Amphiarai
890 1312 1103 1367 aurigam
1147 1311 1224 1367 [cf.
1257 1311 1398 1357 Paus.
1432 1315 1472 1365 2,
1503 1315 1573 1365 23,
1605 1315 1632 1357 2
1671 1311 1895 1370 Apollod.
1928 1312 1996 1357 III
2027 1315 2067 1364 6,
2099 1317 2138 1363 8,
2171 1312 2219 1366 4]
2263 1314 2312 1357 in
2344 1311 2559 1370 Illyriam
2591 1309 2651 1355 ad

308 1378 546 1439 Harpyiae
576 1379 712 1426 sedes
744 1379 992 1440 abreptum
1033 1394 1137 1427 esse
1167 1380 1528 1436 fabulabantur,
1572 1395 1692 1440 quae
1729 1380 1892 1427 fabula
1933 1380 2058 1440 apud
2095 1396 2245 1427 unum
2277 1381 2537 1439 Polybium
2572 1381 2648 1438 [cf.

309 1450 471 1510 Steph.
503 1450 619 1509 Byz.
639 1461 685 1510 p.
713 1453 808 1505 125,
831 1450 879 1507 6]
915 1455 1047 1498 extat
1076 1456 1216 1510 atque
1247 1451 1295 1498 id
1325 1466 1408 1511 per
1427 1451 1640 1504 misellas
1672 1450 1963 1498 ratiunculas
1996 1450 2268 1505 deformata,
2300 1451 2519 1498 similiter
2549 1453 2652 1497 siue

308 1519 528 1567 Thessali
559 1522 662 1566 siue
692 1520 867 1568 Boeoti·
891 1520 1248 1575 Athamantem,
1279 1536 1568 1581 eponymum
1590 1522 1919 1575 Athamanum
1953 1535 2070 1578 quos
2103 1523 2151 1566 in
2183 1534 2370 1568 montes
2401 1526 2449 1567 et
2477 1521 2648 1568 barba-

306 1591 421 1636 riem
453 1590 748 1648 fugauerant,
794 1591 1133 1638 ibi-considere
1173 1592 1403 1638 iubebant
1439 1593 1523 1640 ubi
1561 1593 1825 1639 bestiarum
1864 1591 2071 1648 hospitio
2105 1595 2313 1637 uteretur
2347 1589 2594 1650 [Apollod.
2629 1590 2651 1636 I

305 1666 346 1713 9,
378 1660 442 1715 21.
506 1674 625 1718 quae
656 1666 710 1705 ut
739 1665 861 1705 recte
892 1661 1195 1718 intellegatis,
1225 1664 1533 1708 memineritis
1568 1662 1714 1706 uelim
1746 1674 1912 1706 uersus
1945 1660 2198 1717 Sophoclei
2233 1661 2328 1716 [El.
2355 1661 2433 1715 95]
2469 1660 2650 1715 δυπηνόν

306 1729 400 1786 ἐμὸν
431 1733 563 1786 θρηνῶ
586 1728 716 1787 πατέρ’
750 1726 793 1770 ὃν
822 1730 921 1771 κατὰ
962 1730 1031 1786 μὲν
1070 1731 1265 1788 βάρβαρον
1303 1731 1391 1772 αἶαν
1431 1730 1575 1787 φοίνιος
1599 1727 1715 1786 Ἄρης
1753 1729 1824 1771 οὐκ
1864 1729 2024 1777 ἐξένισεν
2056 1730 2133 1774 uel
2164 1730 2277 1775 dicti
2308 1730 2440 1775 illius
2472 1728 2649 1773 Therae

308 1798 504 1844 Cadmei
536 1800 616 1854 qui
648 1797 803 1842 filium
843 1814 893 1842 se
933 1802 1055 1843 inter
1083 1800 1487 1845 Lacedaemonios
1527 1800 1791 1857 relinquere
1829 1798 1949 1842 dixit
1988 1801 2125 1855 quasi
2168 1812 2304 1842 ouem
2345 1801 2465 1842 inter
2505 1798 2648 1856 lupos

311 1867 504 1924 [Herod.
537 1872 579 1920 4,
612 1867 739 1922 149]:
779 1884 838 1914 ne
870 1869 1109 1915 Ciceronis
1152 1869 1342 1928 quidem
1384 1871 1527 1915 uerba
1557 1869 1714 1915 aliena
1751 1883 1872 1926 quae
1902 1868 2107 1928 Varroni
2146 1874 2257 1926 post
2292 1868 2407 1914 belli
2439 1868 2648 1913 Africani

307 1939 473 1985 turbas
505 1938 696 1996 scripsit
720 1937 812 1996 [ep.
835 1942 876 1991 9,
898 1941 939 1991 6,
961 1938 1032 1994 3];
1066 1940 1199 1994 ‚quasi
1227 1939 1375 1983 utilius
1403 1940 1464 1982 rei
1484 1939 1677 1994 publicae
1704 1939 1833 1993 fuerit
1863 1953 1928 1981 eos
1957 1938 2081 1980 etiam
2111 1939 2168 1980 ad
2195 1938 2415 1981 bestiarum
2445 1937 2650 1980 auxilium

307 2007 524 2063 confuyere
551 2021 677 2061 quam
706 2007 774 2049 uel
800 2008 927 2050 emori
956 2008 1023 2051 uel
1051 2023 1142 2051 cum
1171 2023 1240 2063 spe
1267 2009 1306 2052 si
1334 2023 1418 2052 non
1447 2010 1612 2063 optima,
1644 2012 1689 2051 at
1719 2009 1863 2062 aliqua
1893 2011 2029 2049 tamen
2059 2008 2210 2050 uiuere.

513 2076 602 2122 His
634 2077 778 2132 igitur
814 2079 864 2122 in
894 2077 1072 2124 fabulis
1104 2093 1218 2123 uera
1258 2092 1311 2123 ac
1347 2077 1514 2124 uiuida
1556 2080 1733 2123 acrium
1774 2077 1989 2123 odiorum
2027 2076 2356 2134 bellorumque
2398 2090 2647 2120 saeuorum

308 2147 458 2204 spirat
498 2146 759 2192 recordatio
806 2162 958 2205 neque
1000 2147 1060 2193 ad
1098 2163 1201 2194 eam
1233 2147 1441 2194 Cadmus
1486 2151 1616 2206 pacis
1655 2154 1701 2193 et
1741 2147 2016 2193 concordiae
2058 2147 2170 2192 felix
2212 2149 2452 2192 restitutor
2493 2147 2647 2191 referri

305 2220 473 2274 potest.
536 2231 594 2262 ex
626 2216 794 2263 Cadmi
824 2219 1215 2275 peregrinatione,
1248 2218 1437 2265 oraculo
1469 2217 1702 2271 consulto,
1743 2219 1988 2272 terrigenis
2032 2219 2170 2262 uictis
2208 2224 2251 2262 et
2289 2219 2470 2274 pacatis
2503 2229 2646 2272 supra

306 2285 518 2331 conclusi
550 2285 682 2332 illius
714 2286 906 2334 fabulae
943 2289 1182 2333 inuentori
1220 2287 1434 2335 coloniae
1474 2287 1675 2333 alicuius
1713 2285 1973 2346 primordia
2011 2288 2058 2331 in
2101 2291 2258 2332 mente
2301 2290 2488 2331 uersata
2529 2299 2644 2330 esse.

308 2356 440 2412 atqui
472 2354 668 2402 Cadmei
697 2362 954 2414 postquam
985 2372 1043 2402 ex
1073 2357 1273 2403 Boeotia
1299 2360 1432 2403 eiecti
1463 2363 1588 2409 sunt,
1619 2357 1761 2413 longe
1790 2356 1979 2413 lateque
2010 2370 2092 2413 per
2123 2358 2270 2401 maria
2301 2369 2353 2399 ac
2384 2361 2529 2399 terras
2560 2369 2643 2411 pe-

306 2426 532 2480 regrinati
563 2430 677 2471 sunt
708 2428 832 2471 sicut
861 2428 963 2484 ipse
995 2426 1203 2472 Cadmus
1245 2429 1294 2473 in
1335 2427 1496 2474 fabula
1537 2433 1791 2484 antequam
1825 2428 1872 2470 in
1905 2425 2149 2471 Boeotiam
2181 2432 2383 2470 uenerat.
2448 2424 2643 2481 Gephy-

305 2496 427 2540 raeis
458 2500 580 2541 certe
612 2510 732 2553 quos
765 2497 867 2541 siue
899 2495 1130 2543 Cadmeos
1163 2499 1265 2542 siue
1282 2496 1498 2543 Cadmeis
1531 2511 1674 2553 quam
1705 2497 1919 2553 proxime
1950 2494 2116 2539 affines
2149 2495 2294 2539 fuisse
2326 2508 2382 2538 ex
2404 2492 2644 2539 Herodoto

310 2564 382 2619 15,
404 2564 482 2619 57]
516 2563 795 2611 concludere
824 2564 949 2618 licet,
994 2581 1101 2611 eum
1133 2565 1296 2612 exules
1333 2572 1564 2612 errassent
1605 2565 1781 2623 diuque
1821 2563 1987 2609 domos
2031 2579 2082 2608 ac
2114 2563 2251 2609 sedes
2284 2561 2645 2613 desiderassent,

306 2632 422 2680 deus
453 2634 699 2693 respondit
728 2633 836 2692 ἀνδρὶ
870 2633 1090 2693 Γεφυραίωι
1120 2635 1223 2684 οἶκος
1253 2634 1375 2694 φίλος,
1406 2635 1507 2683 oia-³3
1538 2631 1690 2693 ἄριστος
1725 2634 1871 2689 {Eust
1906 2649 1948 2691 p.
1982 2637 2080 2680 408.
2112 2638 2139 2678 4
2171 2631 2299 2678 Suid.
2325 2648 2358 2676 s.
2379 2647 2422 2677 u.
2456 2630 2548 2688 δόρυ
2582 2630 2644 2673 καὶ

306 2705 506 2760 κηρυκεῖον
536 2704 590 2750 cf.
609 2704 824 2763 Toepffer
840 2710 920 2750 att.
940 2704 1131 2750 Geneal.
1155 2720 1198 2764 p.
1217 2709 1302 2752 296
1323 2707 1424 2764 sq.],
1455 2705 1619 2752 domos
1637 2719 1748 2750 uero
1773 2706 2061 2762 quaerebant
2091 2703 2233 2748 lunae
2265 2716 2440 2747 numen
2473 2703 2506 2746 ii
2523 2716 2643 2759 quo-

306 2787 397 2830 que
428 2775 577 2819 secuti
608 2775 731 2819 sicut
762 2774 982 2820 Cadmus
1044 2774 1159 2820 haec
1191 2780 1245 2820 ut
1274 2781 1395 2822 recte
1426 2773 1777 2830 intellegantur,
1824 2773 1883 2818 ad
1923 2775 2123 2830 priorem
2166 2770 2353 2817 fabulae
2386 2769 2442 2814 de
2475 2769 2643 2815 Cadmi

307 2841 517 2888 aduentu
546 2848 728 2900 partem
759 2842 907 2889 altera
946 2843 1098 2889 multo
1131 2844 1449 2890 obscuriorem
1485 2843 1757 2889 adeundum
1789 2848 1871 2887 est.
1937 2841 2058 2886 unde
2091 2843 2356 2885 uenientem
2389 2844 2530 2896 poeta
2561 2838 2644 2884 ille

305 2913 467 2967 epicus
499 2926 638 2968 quem
669 2914 923 2967 agnouisse
954 2913 1073 2958 mihi
1104 2915 1238 2957 uisus
1263 2928 1384 2966 sum,
1415 2915 1570 2958 fecerit
1593 2912 1839 2962 Cadmum,
1872 2926 1987 2968 qims
2019 2924 2100 2967 per
2129 2916 2275 2953 terras
2307 2913 2554 2959 errantem,
2586 2923 2645 2952 ne

305 2982 456 3024 conici
488 2980 677 3037 quidem
708 2986 890 3038 potest;
921 2983 1012 3028 hoc
1042 2997 1192 3027 unum
1223 2981 1454 3027 affirmare
1485 2981 1636 3026 audeo
1655 2981 1886 3026 Cadmum
1905 2981 2199 3036 quaesiuisse
2216 2978 2458 3035 Europam
2491 2976 2645 3022 aDite

305 3054 501 3107 raptam.
563 3065 771 3096 sororem
802 3065 913 3097 uero
945 3066 1047 3096 eam
1080 3050 1249 3096 Cadmi
1286 3051 1433 3096 fuisse
1464 3067 1559 3096 non
1589 3052 1812 3095 narrauit.
1874 3064 1979 3092 cum
2018 3050 2142 3092 enim
2186 3046 2313 3104 apud
2351 3049 2645 3103 antiquiores

306 3121 556 3178 scriptores
598 3119 807 3167 Cadmus
844 3121 1094 3176 Agenoris,
1139 3120 1334 3179 Europa
1362 3121 1614 3167 Phoenicis
1656 3120 1759 3165 filia
1797 3118 1887 3164 diei
1920 3117 2083 3169 soleat,
2129 3118 2413 3174 posteriores
2453 3115 2646 3162 demum

305 3189 547 3247 Europam
578 3190 814 3247 Agenoris
851 3190 1001 3237 filiam
1037 3191 1216 3236 faciunt
1259 3190 1494 3248 [Apollod.
1527 3189 1597 3234 III
1631 3194 1669 3236 1.
1703 3193 1739 3239 1,
1771 3192 1797 3233 2
1839 3187 1983 3232 schol.
2023 3185 2166 3231 Rhes
2200 3189 2255 3231 28
2289 3185 2429 3231 Ouid.
2464 3192 2572 3231 met.
2606 3189 2648 3236 2,

305 3261 390 3305 858
434 3258 627 3306 Diodor.
660 3263 702 3312 5.
735 3264 804 3313 78,
838 3264 857 3305 1
893 3259 1039 3306 schol.
1073 3258 1298 3317 Aesehyl.
1333 3259 1459 3318 Sept.
1492 3262 1576 3305 469
1622 3258 1796 3315 Hygin.
1829 3260 1921 3301 155.
1956 3254 2075 3312 17812
2121 3254 2356 3301 Cadmum
2388 3255 2645 3301 Phoenicis

305 3327 460 3374 filium
502 3330 646 3376 unius
677 3329 955 3387 Lysimachi
993 3330 1244 3376 curiositas
1285 3327 1447 3386 [schol.
1480 3327 1640 3386 Apoll.
1675 3328 1783 3382 Arg.
1817 3331 1857 3377 3,
1892 3324 2016 3380 11861
2058 3326 2254 3371 inuenit.
2318 3329 2524 3370 ceterum
2569 3324 2647 3371 uel

304 3397 416 3443 hinc
448 3397 626 3445 Cadmo
658 3412 766 3445 cum
797 3399 971 3445 Poenis
1012 3398 1135 3445 nihil
1175 3412 1423 3445 commune
1459 3411 1561 3443 esse
1592 3402 1796 3455 apparet.
1859 3394 1940 3439 sed
1974 3394 2032 3438 ad
2063 3399 2231 3451 poetae
2263 3393 2397 3439 illius
2429 3394 2646 3440 umbram

304 3465 454 3512 redeo.
487 3471 743 3526 postquam
759 3469 908 3527 igitur
923 3468 1165 3526 Europam
1181 3467 1358 3514 frustra
1373 3468 1624 3526 quaesiuit,
1641 3464 1847 3511 Cadmus
1865 3463 2108 3509 oraculum
2125 3462 2385 3515 consuluit,
2403 3462 2519 3508 deus
2534 3477 2645 3509 uero

510 3559 514 3563 ’
2349 3546 2372 3580 3
