3054 4150
2668 220 2693 266 ’1

347 356 554 410 pugnat:
601 349 655 397 ef.
688 350 779 398 AR
812 355 850 403 1,
881 352 937 397 23
966 366 1010 409 p.
1043 353 1100 397 62
1135 353 1257 394 ταῦτα
1292 349 1342 406 δὴ
1373 347 1569 407 Μυρσίλος
1600 347 1621 391 ὁ
1653 348 1813 406 Λέσβιος
1844 347 2042 406 ἱστόρηκεν
2072 346 2203 404 ὀλίγου
2238 349 2316 390 δεῖν
2346 350 2422 397 τοῖς
2453 347 2582 398 αὐτοῖς
2613 349 2697 397 ὀνό.

349 437 444 477 μασι
479 420 641 479 γράφων
676 420 732 469 οἷς
774 421 852 477 ἐγὼ
887 424 963 471 νῦν,
1008 420 1108 476 πλὴν
1147 418 1237 463 ὅσον
1275 418 1324 463 οὐ
1354 419 1578 476 Πελασγοὺς
1616 421 1730 463 καλεῖ
1765 419 1853 468 τούς
1884 417 2121 476 ἀνθρώπους,
2167 416 2268 461 ἀλλὰ
2299 417 2532 475 Τυρρηνούς·
2562 419 2631 476 τὴν
2661 419 2692 462 δ’

349 489 474 533 αἰτίαν
504 489 633 547 ὀλίγον
664 488 820 548 ὕστερον
851 491 937 547 ἐρῶ.
997 493 1053 536 25
1082 505 1126 549 p.
1159 492 1330 537 65—67
1362 490 1571 533 ἐκαλοῦντο
1601 488 1645 532 δὲ
1676 488 1749 532 ὑπὸ
1781 492 1852 532 τῶν
1883 486 2014 532 ἄλλων
2044 487 2262 545 ἀνθρώπιον
2285 520 2293 530 .
2319 520 2329 530 .
2354 521 2363 530 .
2393 488 2429 530 οἱ
2461 488 2568 532 αὐτοὶ
2598 489 2695 547 Τυρ-

348 558 455 617 ρηνοὶ
485 558 551 603 καὶ
583 559 790 617 Πελασγοί.
848 556 899 601 ὧν
930 559 1008 615 ἐγὼ
1034 559 1147 615 λόγον
1184 558 1428 616 ἐποιησάμην
1463 562 1531 601 τοῦ
1561 558 1615 615 μή
1645 574 1728 601 τινα
1760 560 1893 614 θαῦμα
1929 559 2125 601 ποιεῖσθαι
2166 558 2323 601 ἐπειδᾶν
2354 561 2519 614 ποιητῶν
2548 557 2575 615 ἦ
2607 576 2693 616 συγ-

347 629 530 687 γραφέων
561 628 702 686 ἀκοόηι
732 630 820 677 τούς
842 629 1065 685 Πελασγοὺς
1086 627 1151 670 καὶ
1172 628 1389 686 Τυρρηνοὺς
1410 627 1674 684 ὀνομαζόντων
1694 632 1772 675 πῶς
1792 628 2013 685 ἀμφοτέρας
2044 627 2160 685 ἔσχον
2181 628 2248 675 τοὶς
2279 627 2498 683 ἐπωνυμίας
2519 629 2553 670 οἱ
2576 628 2695 683 αὐτοί,

348 702 405 744 29
434 713 477 757 p.
513 704 568 745 '35
606 698 693 756 ἐμοὶ
724 699 853 755 μέντοι
891 700 1066 741 δοκοῦσιν
1107 696 1273 746 ἅπαντες
1302 697 1536 754 ἁμαρτάνειν
1565 698 1601 740 οἱ
1640 698 1859 746 πεισθέντες
1888 696 1929 740 ἓν
1959 697 2024 740 καὶ
2054 698 2098 740 τὸ
2129 696 2224 739 αὐτὸ
2256 696 2367 745 ἔθνος
2399 696 2495 739 εἶναι
2526 699 2569 740 τὸ
2600 699 2696 755 Τυρ-

348 768 502 825 ρηνικόν
532 766 598 811 καὶ
629 768 671 811 τὸ
704 767 955 823 Πελασγικόν.
1016 771 1071 813 30
1087 781 1130 825 p.
1151 771 1174 813 7
1179 771 1206 813 8
1235 766 1377 810 τούτωι
1417 766 1485 823 μὲν
1516 767 1563 823 δὴ
1595 770 1662 809 τῶι
1692 765 1902 824 τεκμηρὶωι
1938 767 2135 825 χρώμενος
2175 766 2327 824 ἑτέρους
2369 766 2467 809 εἶναι
2508 767 2695 825 πείθομαι

346 841 417 879 τῶν
447 836 650 894 Τυρρηνῶν
680 837 767 885 τοὺς
796 836 1031 892 Πελασγούς.
1092 839 1133 881 01
1164 839 1308 893 igitur
1327 835 1596 883 Herodotus
1628 836 1685 881 de
1703 836 1909 881 Cortona
1938 837 2126 882 locutus
2159 843 2297 887 esset,
2330 839 2379 882 in
2411 851 2465 882 eo
2499 839 2557 883 ab
2592 852 2692 883 0111-

348 907 492 952 nibus
511 907 820 964 scriptoribus
839 905 1144 951 dissensisset
1162 905 1290 964 quod
1311 905 1539 962 Pelasgos
1557 906 1828 958 Cortonam,
1847 905 2082 963 Tyrsenos
2102 912 2278 952 ceteras
2302 907 2518 952 Etruriae
2537 913 2694 964 partes

349 989 606 1033 occupasse
637 974 925 1021 tradidisset.
986 978 1307 1033 praetermitto
1340 989 1599 1032 sanequam
1630 977 1834 1020 maxime
1866 978 2036 1021 mirum
2067 990 2171 1021 esse
2202 982 2247 1020 et
2277 990 2471 1033 prorsus
2504 976 2693 1021 inaudi-

346 1051 449 1090 tum
482 1045 799 1091 Cortonenses
832 1044 984 1091 Tusco
1031 1059 1246 1091 sermone
1291 1060 1389 1091 non
1427 1060 1541 1090 usos
1574 1059 1691 1096 esse,
1734 1048 2053 1102 praetermitto
2093 1060 2189 1090 11011
2235 1045 2414 1090 elucere
2455 1045 2693 1103 quomodo

348 1114 618 1161 Herodotus
664 1113 758 1160 tale
798 1114 912 1171 quid
959 1129 1017 1159 ex
1054 1116 1224 1159 intima
1262 1114 1456 1159 Etruria
1500 1116 1755 1171 comperire
1792 1116 2015 1170 potuerit:
2068 1117 2109 1158 si
2151 1113 2340 1171 quidem
2372 1114 2600 1170 Pelasgos
2643 1119 2692 1161 in

348 1183 586 1229 Etruriam
618 1185 808 1229 uenisse
840 1182 1050 1237 credidit,
1097 1188 1180 1228 aut
1215 1183 1305 1229 hoc
1342 1185 1446 1241 ipso
1485 1182 1588 1229 loco
1632 1188 1716 1228 aut
1760 1197 1814 1228 00
1856 1188 1977 1227 certe
2018 1197 2110 1239 quo
2144 1182 2200 1227 de
2231 1182 2473 1239 Lydorum
2505 1184 2694 1230 colonia

349 1251 629 1310 disputauit‚
676 1252 862 1297 disertis
896 1253 1052 1297 uerbis
1085 1254 1128 1297 01
1159 1252 1493 1310 exponendum
1531 1258 1630 1297 erat
1670 1251 1796 1297 unde
1828 1258 1871 1296 et
1914 1266 2008 1308 qua
2052 1251 2108 1296 dc
2144 1267 2287 1297 causa
2318 1260 2499 1310 praeter
2529 1253 2692 1310 Lydos
2727 1302 2733 1307 ,

346 1320 537 1376 Pelasgi
569 1323 618 1365 in
650 1320 783 1366 illam
801 1327 970 1366 terram
993 1321 1189 1378 profecti
1210 1321 1398 1373 fuerint,
1430 1328 1510 1366 aut
1543 1324 1583 1367 si
1607 1322 1722 1366 haec
1745 1323 1904 1366 omnia
1935 1336 2031 1367 non
2063 1321 2322 1368 sufficiunt.
2353 1321 2496 1378 paulo
2519 1322 2692 1367 clarius

347 1388 488 1436 Italia
518 1389 833 1447 significanda
864 1396 960 1435 erat
993 1392 1168 1449 quippe
1206 1405 1326 1449 quae
1357 1387 1538 1449 praeter
1571 1405 1700 1437 oram
1732 1392 2019 1436 maritimam
2052 1389 2137 1435 illa
2168 1395 2319 1436 aetate
2351 1405 2379 1436 a
2410 1390 2691 1437 Graecorum

350 1462 526 1505 notitia
556 1459 721 1518 procul
753 1460 951 1505 abesset.
1015 1459 1216 1518 denique
1247 1466 1349 1506 tota
1378 1460 1605 1506 Herodoti
1645 1460 1905 1518 disputatio
1940 1474 2127 1505 omnem
2160 1462 2257 1504 uim
2289 1460 2571 1518 perdidisset
2600 1464 2693 1506 nisi

349 1544 511 1574 eorum
544 1534 731 1574 tantum
763 1528 1073 1585 Pelasgorum
1112 1533 1341 1575 rationem
1379 1530 1627 1575 habuisset
1674 1532 1755 1586 qui
1794 1532 1841 1574 in
1884 1531 2059 1573 uicinia
2093 1530 2378 1574 Graecorum
2410 1530 2693 1575 habitabant

348 1613 500 1657 neque
530 1604 688 1644 tamen
722 1597 897 1643 Grraece
928 1598 1061 1656 loqui
1092 1598 1364 1644 didicerant.

556 1668 813 1714 Cortonam
859 1670 1002 1725 igitur
1033 1669 1251 1714 Etruriae
1295 1670 1459 1714 urbem
1502 1676 1553 1715 ut
1597 1668 1783 1713 credam
1831 1670 1888 1714 ab
1923 1668 2165 1715 Herodoto
2208 1669 2382 1714 dictam
2415 1685 2531 1714 esse.
2562 1685 2589 1714 a
2620 1685 2694 1714 me

346 1738 593 1795 impetrare
624 1752 720 1782 11011
752 1752 951 1794 possum
982 1753 1134 1796 neque
1165 1753 1378 1796 unquam
1399 1744 1572 1796 potero.
1637 1753 1690 1783 eo
1723 1737 1951 1783 libentius
1984 1744 2141 1783 autem
2173 1738 2458 1783 aduersariis
2490 1738 2693 1784 concedo

345 1806 540 1850 alterius
574 1821 762 1862 quoque
792 1806 1010 1852 lectionis
1043 1807 1311 1853 defensores
1342 1809 1568 1862 grauibus
1592 1806 1955 1853 difficultatibus
1989 1809 2208 1852 intricari.
2278 1807 2433 1852 leuius
2466 1814 2537 1852 est
2569 1807 2695 1864 quod

345 1888 430 1931 pro
462 1876 588 1920 iusta
627 1879 673 1919 ct
714 1874 937 1921 sollemni
977 1875 1127 1922 forma
1160 1875 1428 1933 Κρηστωναῖοι
1466 1875 1591 1933 apud
1621 1874 1916 1922 Herodotum
1961 1878 2189 1933 scriptum
2229 1882 2357 1922 extat
2390 1876 2695 1932 Κρηστωνιῆται.

346 1945 395 1989 111
427 1944 502 1989 1110
536 1944 772 2001 capitibus
806 1943 1046 1990 deterioris
1078 1949 1265 1991 tantum
1302 1947 1486 2001 generis
1524 1944 1708 1991 codices
1747 1950 1934 2002 praesto
1978 1959 2081 1990 csse
2118 1947 2356 2003 reputanti
2393 1960 2490 1991 11011
2524 1947 2695 1991 nimiae

345 2013 570 2058 audaciae
602 2027 704 2058 esse
737 2013 978 2060 uidebitur
1008 2016 1158 2071 siquis
1191 2015 1314 2059 hanc
1345 2014 1594 2060 lectionem
1627 2029 1685 2059 ex
1717 2015 1879 2059 formis
1905 2014 2174 2069 Κρηστωναῖοι
2207 2021 2251 2059 01
2275 2014 2539 2070 Κροτωνιῆται
2571 2016 2691 2059 mix-

350 2087 445 2128 tam
477 2087 524 2127 et
547 2082 800 2129 conflatam
835 2097 937 2129 csse
969 2087 1099 2128 ratus
1123 2082 1256 2129 illam
1288 2084 1628 2130 restituendam
1659 2098 1762 2129 0000
1793 2085 2039 2129 censuerit.
2093 2089 2141 2129 at
2164 2082 2479 2140 Tyrsenorum
2505 2086 2695 2129 1101111110

345 2151 616 2197 Herodotus
658 2166 780 2197 unos
813 2151 991 2199 Tuscos
1034 2152 1300 2208 significare
1332 2154 1465 2199 solet.
1526 2155 1785 2199 rectissime
1828 2153 1873 2198 id
1913 2153 2123 2210 quidem:
2173 2157 2213 2199 si
2245 2159 2403 2199 autem
2436 2153 2694 2198 aduersarii

345 2235 533 2279 quoque
578 2222 724 2268 uerba
769 2225 840 2264 τῶν
879 2220 974 2278 ὑπὲρ
1005 2221 1206 2278 Τυρσηνῶν
1239 2222 1449 2279 Κρηστῶνα
1495 2222 1604 2265 πόλιν
1648 2223 1852 2266 οἰκεόντων
1898 2237 1980 2280 per
2024 2223 2409 2281 interpolatorem
2447 2226 2692 2281 antiquum

343 2292 536 2338 turbata
565 2306 668 2338 esse
700 2292 848 2338 facere
878 2306 976 2339 non
1006 2296 1230 2350 poterunt
1262 2295 1376 2351 quin
1413 2293 1685 2343 concedant.
1717 2308 1832 2339 num
1865 2295 2003 2340 nobis
2039 2293 2163 2340 idem
2195 2293 2422 2340 iudicium
2455 2294 2567 2339 ferre
2599 2308 2693 2340 non

343 2362 519 2413 licebit,
563 2365 630 2408 ita
659 2367 818 2409 tamen
862 2367 915 2408 ut
945 2362 1146 2419 Τυρσηνῶν
1176 2363 1286 2406 πόλιν
1332 2365 1390 2410 ab
1430 2378 1482 2409 co
1526 2365 1703 2409 inserta
1749 2378 1851 2409 esse
1898 2370 2123 2421 putemus
2161 2366 2237 2409 cui
2270 2364 2524 2409 Cortonam
2557 2363 2692 2409 claris

344 2432 503 2478 uerbis
535 2432 795 2488 significari
827 2446 1016 2490 quaqua
1048 2432 1104 2479 de
1136 2447 1280 2479 causa
1311 2433 1610 2480 commodum
1643 2436 1802 2480 uisum
1835 2434 2005 2479 fuerit?
2068 2448 2161 2491 qua
2191 2435 2461 2480 coniectura
2491 2436 2691 2491 primum

345 2503 391 2547 id
423 2502 664 2547 lucramur
695 2502 822 2557 quod
846 2503 1027 2557 Κρηστών
1058 2518 1155 2548 11011
1188 2505 1350 2548 urbem
1384 2518 1502 2559 quae
1533 2518 1647 2548 00110
1680 2518 1924 2559 nunquam
1958 2506 2171 2548 extitisse
2194 2504 2396 2554 uidetur,
2429 2504 2508 2547 sed
2542 2506 2690 2557 regio-

343 2587 450 2616 nem
498 2571 737 2626 significat
774 2572 823 2616 id
869 2572 996 2628 quod
1037 2573 1163 2617 cadit
1204 2576 1252 2617 in
1299 2573 1449 2617 multa
1489 2579 1533 2617 vt
1580 2574 1817 2619 uocabula
1857 2580 1900 2617 01
1950 2576 2142 2618 nomina
2185 2576 2233 2617 in
2274 2573 2324 2613 ὠν
2367 2576 2690 2617 terminantia:

345 2640 398 2686 cf.
433 2638 635 2696 Μαραθών
670 2639 845 2694 [811011.
880 2644 906 2686 3
936 2641 1106 2698 11160]
1150 2640 1332 2696 ἀμπελών
1372 2640 1521 2698 δαφνών
1561 2641 1700 2684 ἐλαιών
1741 2642 1849 2684 οἰνών
1881 2642 2017 2685 αὐλών.
2080 2641 2399 2688 additamento
2433 2644 2573 2697 igitur
2606 2641 2687 2687 illo

344 2711 488 2755 eiecto
521 2709 855 2766 relinquuntur
886 2723 1006 2766 quae
1036 2724 1120 2767 pro
1137 2712 1359 2765 genuinis
1389 2711 1668 2761 habeantur,
1701 2712 1834 2757 haec:
1863 2712 2071 2766 Πελασγῶν
2092 2714 2163 2753 τῶν
2196 2710 2290 2766 ὑπὲρ
2310 2711 2516 2766 Κρηστῶνα
2547 2710 2691 2752 οἰκεόν-

342 2794 429 2820 των.
486 2777 661 2836 pendet
700 2780 989 2837 praepositio
1028 2778 1133 2836 ὑπὲρ,
1182 2779 1264 2825 sed
1296 2794 1389 2837 qua
1431 2779 1487 2825 de
1526 2793 1684 2832 causa,
1731 2783 1890 2837 quiuis
1933 2781 2073 2826 uidet.
2137 2794 2197 2825 an
2239 2779 2529 2826 Herodotum
2568 2779 2689 2824 nihil

343 2846 585 2893 addidisse
617 2849 866 2905 probabile
898 2854 970 2895 est
1001 2864 1093 2907 quo
1137 2849 1269 2895 illius
1313 2851 1518 2905 regionis
1560 2853 1727 2907 paucis
1770 2857 1910 2896 notae
1944 2853 2088 2896 situm
2121 2849 2430 2896 describeret?
2491 2848 2614 2906 quod
2649 2852 2689 2894 si

343 2918 575 2969 extiterat,
606 2932 689 2975 per
719 2918 1134 2976 interpolationem
1166 2918 1223 2965 de
1253 2918 1357 2964 loco
1391 2918 1623 2965 deiectum
1655 2922 1806 2977 periit..
1869 2918 2056 2965 collatis
2096 2921 2238 2975 igitur
2278 2921 2343 2963 eis
2377 2932 2494 2975 quac
2525 2924 2687 2964 extant

343 2990 384 3037 7,
418 2989 502 3035 124
533 2984 594 3028 ἐπὶ
626 2987 797 3044 ποταμὸν
823 2986 1064 3045 Ἐχείδωρον
1095 2985 1136 3036 ὃς
1167 2990 1211 3030 ἐκ
1244 2986 1529 3045 Κρηστωναίων
1560 2986 1772 3045 ἀρξάμενος
1804 2990 1863 3046 ρεῖ
1891 2989 1954 3031 διὰ
1990 2986 2205 3044 Μυγδονίης
2235 2987 2363 3045 χώρης
2396 2986 2686 3032 Herodotum

343 3058 588 3114 Scripsisse
611 3056 886 3102 crediderim
906 3058 1112 3114 Πελασγῶν
1142 3062 1212 3099 τῶν
1244 3057 1339 3114 ὑπὲρ
1365 3056 1616 3113 <Μυγῦονίης
1647 3058 1811 3116 χώρης)
1840 3058 2049 3114 Κρηστῶνα
2071 3057 2282 3099 οἰκεόντων.
2333 3056 2533 3114 denique
2564 3056 2686 3100 addo

343 3127 451 3169 sciri
483 3128 577 3171 iam
609 3141 707 3172 non
737 3140 878 3184 posse
910 3141 971 3171 an
1004 3127 1278 3173 Crestonaei
1309 3141 1471 3173 reuera
1501 3127 1692 3183 Pelasgi
1723 3128 1897 3172 fuerint
1929 3142 2085 3171 necne..

550 3195 606 3239 Π.
668 3196 910 3242 Herodoto
943 3212 1065 3242 unos
1098 3197 1353 3242 Dorienses
1386 3212 1522 3241 ueros
1553 3200 1884 3254 genuinosque
1917 3198 2120 3241 Graecos
2159 3199 2288 3240 uisos
2321 3211 2422 3240 esse
2454 3199 2689 3252 apparuit.

343 3261 523 3321 absque
553 3263 652 3310 illis
685 3271 861 3313 ceteros
905 3281 1170 3312 sermonem
1200 3282 1354 3328 mores
1399 3268 1624 3313 uestitum
1657 3266 1889 3312 Graecum
1935 3268 2179 3323 accepisse.
2243 3264 2370 3322 quod
2415 3266 2463 3310 in
2505 3280 2559 3310 eo
2593 3280 2689 3311 non

342 3333 558 3380 mirabile
601 3339 674 3381 001
716 3337 798 3394 qui
840 3337 943 3395 ipse
974 3341 1100 3382 esset
1131 3335 1393 3389 DoriensiS,
1435 3350 1585 3395 neque
1629 3339 1780 3394 magis
1813 3344 1968 3383 tamen
2012 3334 2205 3381 offendit
2245 3333 2371 3392 quod
2404 3334 2461 3380 de
2492 3337 2691 3393 antiqua

342 3397 711 3451 Atheniensium
740 3407 959 3453 barbarie
989 3411 1124 3451 caute
1156 3411 1201 3451 et
1223 3405 1478 3464 prudenter
1498 3406 1685 3452 locutus
1716 3412 1787 3452 est
1815 3406 1969 3451 laudis
2000 3406 2273 3463 imperiique
2291 3405 2439 3450 Attici
2467 3411 2689 3451 strenuus

342 3468 607 3519 admirator.
670 3474 812 3531 longe
857 3474 992 3521 aliter
1033 3477 1183 3521 sensit
1214 3475 1270 3521 de
1308 3476 1517 3522 Ionibus.
1565 3475 2010 3523 Halicarnassenses
2050 3476 2301 3531 aegerrime
2340 3474 2512 3520 tulisse
2552 3474 2689 3520 facile
