3054 4150
323 178 350 223 8

325 301 608 360 intelligatis
653 301 781 362 quod
813 301 984 349 Ionum
1017 300 1240 360 superbia
1281 300 1340 346 ab
1380 297 1629 345 duodecim
1667 299 1858 345 urbium
1901 300 2126 345 societate
2161 302 2428 351 arcerentur
2458 299 2680 357 quamuis
2745 294 2747 296 ’

320 364 423 419 hon
455 372 597 419 modo
631 372 937 418 Doriensium
970 370 1137 416 foedus
1170 369 1472 426 reliquissent
1504 368 1588 425 sed
1620 383 1886 414 sermonem
1919 383 2108 426 quoque
2133 368 2348 413 Ionicum
2379 369 2678 429 recepissent.

326 429 567 500 praeterea
597 456 651 487 eo
684 446 895 499 tempore
925 440 1074 486 libros
1116 453 1230 483 suos
1273 439 1470 494 scripsit,
1497 437 1767 495 Herodotus
1810 453 1903 495 quo
1945 440 2067 483 inter
2096 437 2414 484 Athenienses
2445 437 2681 496 Ionesque

327 512 479 567 magis
511 511 758 568 magisque
790 508 899 555 odia
920 514 965 554 et
987 509 1261 554 inimicitiae
1283 506 1591 568 efflagrarent.
1632 507 1901 552 Atticorum
1923 508 2137 564 aequitas
2160 508 2504 565 imperiumque
2524 514 2679 566 popu·

325 580 423 624 lare
455 582 655 624 summis
687 579 912 623 laudibus
946 577 1090 632 digna
1131 579 1172 620 ei
1205 576 1505 626 uidebantur,
1545 577 1813 620 lonicorum
1852 578 2155 632 optimatium
2183 574 2377 631 gentilis
2409 579 2681 632 arrogantia

328 648 528 693 ridicula
559 655 602 692 01
634 651 823 692 iniusta.
886 662 1000 690 sane
1031 647 1217 702 patricii
1251 647 1329 689 isti
1363 645 1472 690 inde
1504 661 1531 689 a
1563 644 1751 690 saeculo
1785 651 1920 689 sexto
1951 647 2167 699 gentium
2199 660 2394 690 suarum
2424 644 2605 701 gloriae
2636 652 2681 690 et

327 717 641 763 dominationi
686 718 845 762 omnia
888 714 1228 772 posthabuisse
1273 713 1511 767 uidentur,
1557 713 1641 760 illo
1687 713 1876 759 saeculo
1918 729 1999 759 eos
2043 716 2259 760 extitisse
2290 713 2567 762 crediderim
2599 716 2681 772 qui

327 789 420 832 fere
453 788 666 831 omnium
690 786 889 830 ‘urbium
923 785 1189 829 Ionicarum
1212 783 1350 831 κτίσεις
1377 784 1436 830 ad
1465 783 1695 830 Oedi-idas
1721 783 2008 840 Nelidasque
2039 784 2275 835 referrent,
2307 784 2390 830 illo
2422 787 2684 842 quintoque

327 855 516 900 saeculo
563 854 703 898 multi
750 856 839 897 uiri
888 852 1074 898 nobiles
1121 853 1261 898 Iones
1309 853 1387 898 uel
1429 853 1678 897 Persarum
1726 852 1905 897 auxilio
1953 855 2080 898 ciues
2128 868 2242 897 suos
2289 855 2552 909 opprimere
2596 868 2681 898 uo-

325 923 454 968 luere
503 923 577 967 vel
625 937 767 979 opera
812 921 1152 979 philosophiae
1197 921 1309 966 data
1359 924 1742 978 superstitionem
1790 936 1817 965 a
1863 922 2123 967 maioribus
2171 920 2392 967 traditam
2430 920 2683 974 destruere,

327 992 611 1038 Graecorum
671 998 917 1048 poetarum
978 991 1361 1049 populorumque
1429 992 1719 1036 narrationes
1773 989 1917 1047 uolgo
1965 989 2164 1049 ereditas
2220 1004 2399 1049 proque
2453 990 2680 1037 historiae

325 1059 635 1105 fundamento
683 1060 874 1106 habitas
932 1060 1133 1106 refutare
1181 1059 1292 1118 plus
1339 1059 1449 1105 fidei
1509 1059 1667 1104 Persis
1725 1060 2071 1117 Aegyptiisque
2125 1060 2414 1106 tribuentes(
2483 1073 2683 1118 quorum

326 1131 532 1185 ingeniis
575 1130 763 1174 acribus
811 1128 1095 1187 callidisque
1143 1129 1633 1183 argumentationibus
1677 1131 1764 1172 etsi
1815 1142 1911 1172 non
1962 1142 2122 1186 parem
2169 1142 2220 1173 se
2266 1129 2484 1176 exhibuit
2528 1130 2684 1175 bonus

326 1199 614 1249 Herodotus,
661 1200 913 1257 superbiae
970 1207 1132 1245 tamen
1199 1206 1241 1244 et
1314 1200 1607 1254 arrogantiae
1677 1197 1933 1242 uehemens
1997 1201 2157 1244 extitit
2218 1198 2533 1245 aduersarius.
2624 1213 2685 1245 an

329 1283 417 1315 uos
449 1268 566 1313 talia
599 1271 702 1313 sine
736 1272 800 1312 ira
834 1275 880 1313 et
911 1270 1096 1315 inuidia
1127 1271 1302 1326 scripta
1333 1283 1435 1312 0550
1466 1269 1642 1325 11010115
1676 1266 1837 1323 quaha
1866 1266 2094 1323 leguntur
2128 1273 2165 1320 1,
2201 1273 2282 1314 146
2313 1269 2347 1311 οἱ
2380 1268 2423 1311 δὲ
2454 1268 2577 1311 αὐτῶν
2607 1268 2686 1311 ἀπὸ

326 1341 394 1379 τοῦ
424 1336 661 1394 πρυτανήιον)
692 1341 760 1379 τοῦ
789 1336 806 1380 ’1
835 1337 986 1392 θηνέων
1017 1336 1252 1393 ὁρμηθέντες
1283 1336 1348 1379 καὶ
1378 1335 1591 1392 νομίζοντες
1622 1334 1884 1391 γενναιότατοι
1916 1335 2014 1377 εἶναι
2037 1335 2188 1387 Ἰώνων,
2219 1334 2327 1380 οὗτοι
2356 1337 2399 1380 δὲ
2429 1336 2476 1380 οὐ
2506 1339 2687 1393 γυναῖκας

326 1405 518 1462 ἠγάγοντο
550 1407 589 1454 ἐς
620 1406 688 1461 τὴν
719 1404 911 1460 ἀποικίην,
943 1404 1045 1447 ἀλλὰ
1080 1404 1253 1462 Καείρας
1285 1405 1401 1463 ἔσχον
1431 1409 1502 1446 τῶν
1534 1404 1746 1461 ἐφόνευσαν
1777 1404 1863 1451 τοὺς
1894 1404 2059 1459 γονέαςῖ
2092 1405 2169 1450 uel
2201 1409 2305 1451 Sine
2336 1406 2519 1451 malitia
2536 1406 2685 1451 Hero·

328 1474 494 1520 dotum
527 1475 625 1519 illiS
657 1478 948 1519 concessisse
984 1475 1112 1528 1147!
1157 1474 1260 1516 ἀλλὰ
1302 1476 1375 1530 γὰρ
1406 1474 1651 1530 περιέχονται
1690 1477 1757 1515 τοῦ
1795 1472 1982 1528 ὀνόματος
2021 1473 2169 1528 μᾶλλόν
2206 1491 2240 1516 τι
2270 1479 2344 1516 τῶν
2374 1472 2505 1516 ἄλλων
2535 1474 2688 1534 Ἰώνων,

328 1542 501 1585 ἔστωσαν
532 1544 583 1597 δὴ
612 1541 677 1585 καὶ
708 1543 742 1585 οἱ
774 1544 955 1600 καθαρῶς
985 1542 1182 1599 γεγονότες
1207 1539 1369 1590 Ἴωνεςῖ)
1416 1543 1537 1588 hanc
1570 1544 1723 1600 ipsam
1752 1543 2035 1587 sententiam
2067 1548 2291 1588 secuntur
2323 1543 2468 1589 uerba
2497 1545 2685 1599 grauis-

328 1614 450 1657 sima
495 1618 539 1657 et
585 1613 645 1657 ad
692 1614 916 1670 antiquae
957 1612 1121 1657 Ioniae
1162 1613 1412 1657 historiam
1451 1613 1750 1669 pertinentia,
1792 1613 1864 1655 vita
1907 1616 2066 1656 tamen
2113 1617 2341 1670 concepta
2378 1617 2432 1657 01
2474 1612 2687 1669 intellegi

330 1688 578 1740 nequeant.
642 1684 690 1728 in
737 1682 981 1728 codicibus
1030 1682 1342 1729 deterioribus
1392 1706 1444 1711 -
1486 1681 1686 1726 alterum
1732 1696 1883 1736 genus
1931 1682 2020 1727 hoc
2063 1697 2250 1740 quoque
2289 1681 2394 1727 1000
2436 1681 2596 1728 deficit
2634 1707 2690 1712 ——-

328 1752 554 1807 leguntur
597 1754 728 1797 uitiis
773 1751 963 1796 dialecti
995 1754 1341 1809 praetermissis
1374 1752 1507 1795 haec:
1558 1750 1629 1792 εἰσὶ
1661 1750 1704 1792 δὲ
1735 1750 1872 1797 πάντες
1897 1747 2029 1798 Ἴωνες
2060 1749 2144 1793 ὅσοι
2189 1750 2252 1793 ἀπ’
2284 1751 2480 1806 Ἀθηνέων
2510 1751 2690 1807 γεγόνασι

329 1820 394 1862 καὶ
423 1820 658 1877 Ἀπατούρια
689 1816 846 1875 ἄγουσιν
877 1820 1003 1876 ὁρτήν·
1034 1817 1170 1876 ἄγουσι
1202 1819 1244 1862 δὲ
1266 1820 1405 1866 πάντες
1426 1819 1525 1874 πλὴν
1544 1819 1741 1876 Ἰὒφεσίων
1772 1818 1836 1861 καὶ
1858 1819 2130 1877 Κολοφωνίων·
2161 1818 2266 1863 οὗτοι
2296 1821 2370 1877 γὰρ
2401 1824 2533 1876 μοῦνοι
2551 1820 2691 1863 Ἰώνων

329 1889 401 1931 οὐκ
432 1886 588 1945 ἄγουσιν
615 1888 850 1945 Ἀπατούρια
881 1888 946 1930 καὶ
977 1886 1081 1931 οὗτοι
1123 1889 1222 1930 κατὰ
1255 1889 1373 1945 φόνου
1405 1889 1486 1930 τινὰ
1519 1892 1668 1945 σκῆψιν.
1730 1889 1844 1933 haec
1876 1891 2112 1933 sententia
2152 1905 2247 1947 qua
2289 1904 2452 1935 omnes
2486 1890 2691 1934 Athenis

332 1958 522 2005 oriundi
555 1959 823 2015 festumque
852 1958 1148 2014 gentilicium
1181 1960 1395 2004 Atticum
1428 1957 1660 2003 celebrare
1692 1957 1822 2002 soliti
1855 1959 1993 2003 10065
2032 1973 2134 2003 6556
2166 1958 2403 2011 dicuntur,
2434 1959 2550 2003 haec
2582 1974 2690 2004 sen-

333 2030 482 2073 tentia
514 2043 606 2085 quo
638 2030 874 2085 pertineat
906 2043 1002 2074 non
1034 2028 1187 2074 uideo.
1250 2042 1403 2084 neque
1435 2029 1561 2073 enim
1594 2027 1642 2072 id
1675 2028 1845 2083 agebat
1876 2027 2144 2073 Herodotus
2178 2033 2232 2073 ut
2262 2030 2470 2075 nationis
2503 2028 2692 2074 Ionicae

331 2103 508 2143 certam
552 2097 876 2143 definitionem
910 2099 1192 2148 institueret,
1237 2099 1463 2154 quoniam
1506 2097 1596 2142 hoc
1634 2099 1672 2141 si
1719 2096 1965 2146 uoluisset.
2011 2097 2150 2143 Iones
2183 2097 2371 2143 Atticae
2418 2099 2614 2153 originis
2647 2103 2693 2144 et

331 2169 471 2212 ceteri
503 2167 642 2212 Iones
691 2166 1018 2221 distinguendi
1059 2173 1192 2211 erant
1226 2191 1277 2195 ——
1311 2167 1363 2211 cf.
1400 2168 1544 2211 uerba
1585 2180 1682 2223 cap.
1721 2170 1802 2210 146
1844 2180 1965 2223 quae
2003 2180 2148 2224 supra
2189 2169 2418 2224 exscripsi
2459 2166 2537 2212 061
2579 2181 2614 2211 6.
2647 2181 2690 2223 g.

332 2241 373 2287 8,
406 2240 460 2280 73
491 2260 548 2264 —
579 2249 732 2292 neque
762 2236 902 2279 Iones
937 2236 1145 2279 Asianos
1179 2249 1342 2278 reuera
1371 2236 1511 2279 Iones
1545 2249 1648 2279 0556
1681 2238 1744 2278 ita
1774 2237 1974 2292 probare
2006 2240 2189 2292 poterat
2222 2241 2273 2279 ut
2305 2235 2507 2280 duarum
2539 2236 2692 2293 syllo-

331 2306 474 2359 gismi
516 2306 900 2360 propositionum
948 2304 1144 2348 alteram
1184 2318 1304 2361 quae
1351 2310 1449 2348 erat
1480 2304 1537 2347 de
1569 2304 1814 2360 Apaturiis
1855 2306 2165 2355 continuaret,
2211 2304 2407 2349 alteram
2448 2304 2505 2350 de
2536 2307 2695 2350 Attica

335 2375 516 2427 origine
547 2387 743 2430 prorsus
777 2374 1055 2429 neglegeret.
1120 2377 1264 2419 immo
1298 2373 1611 2429 syllogismus
1646 2376 1709 2417 ita
1742 2375 1990 2418 institutus
2033 2387 2136 2418 esse
2177 2373 2365 2418 uidetur
2404 2380 2456 2418 ut
2488 2388 2608 2430 quae
2639 2374 2695 2419 de

335 2443 582 2499 Apaturiis
601 2442 725 2485 dicta
743 2450 852 2486 sunt
871 2445 1212 2499 propositionis
1231 2445 1334 2486 uice
1352 2443 1624 2497 fungantur.
1643 2444 1804 2485 Attica
1830 2444 1959 2497 origo
1980 2441 2114 2486 illata
2142 2444 2203 2485 sit
2220 2456 2317 2486 non
2336 2448 2388 2486 ut
2405 2442 2696 2488 demonstret

335 2510 416 2554 sed
436 2516 489 2554 ut
508 2510 869 2555 demonstretur.
906 2511 1032 2568 quod
1052 2514 1118 2555 ita
1134 2528 1184 2555 se
1202 2511 1377 2556 habere
1395 2513 1534 2554 etiam
1554 2525 1610 2554 ex
1635 2513 1690 2554 iis
1711 2525 1830 2566 quae
1847 2509 2133 2567 praecedunt
2151 2510 2349 2567 planum
2368 2511 2433 2555 fit.
2468 2511 2695 2556 Herodoti

335 2585 487 2623 aetate
525 2579 664 2624 Iones
696 2582 868 2625 Asiani
899 2580 1229 2626 tautummodo
1262 2575 1454 2625 nomine
1485 2581 1646 2625 Ionico
1680 2581 1933 2625 utebantur
1965 2594 2109 2636 seque
2141 2580 2272 2625 solos
2302 2583 2538 2636 genuinos
2556 2581 2695 2627 Iones

336 2663 440 2693 esse
459 2647 800 2704 gloriabantur.
851 2664 1052 2706 quorum
1075 2651 1371 2704 arrogantiae
1394 2648 1663 2693 Herodotus
1698 2650 1882 2694 obstitit
1915 2663 2021 2693 cum
2049 2650 2179 2705 ipsos
2212 2648 2323 2696 illos
2341 2651 2550 2694 Asianos
2582 2663 2695 2695 con-

335 2716 517 2762 1001601
558 2732 661 2762 0556
698 2717 909 2776 undique
948 2724 1156 2763 coactam
1196 2726 1240 2763 et
1278 2720 1475 2763 mixtam
1508 2716 1640 2762 dixit.
1702 2732 1761 2762 ne
1793 2732 1872 2762 005
1906 2716 2097 2775 quidem
2139 2719 2363 2775 patricios
2397 2720 2478 2776 qui
2508 2724 2697 2773 gentem

337 2802 473 2833 suam
506 2786 565 2833 ad
600 2789 828 2845 originem
847 2789 1055 2833 Atticam
1088 2788 1323 2839 referrent,
1356 2789 1590 2843 sanguine
1612 2801 1729 2845 puro
1762 2792 1809 2832 01
1837 2790 2108 2846 incorrupto
2139 2790 2328 2844 genitos
2361 2802 2476 2833 esse.
2539 2794 2697 2834 tamen

336 2862 529 2915 propter
566 2872 740 2902 nomen
773 2858 987 2902 lonicum
1030 2872 1112 2915 per
1149 2857 1448 2902 saeculorum
1490 2859 1658 2901 seriem
1690 2864 1930 2902 seruatum
1971 2863 2130 2902 essent
2167 2856 2308 2902 modo
2349 2858 2488 2902 Iones
2527 2858 2698 2903 Asiani

336 2927 534 2981 genuini
563 2925 716 2971 Iones.
780 2934 920 2983 atque
952 2942 1066 2972 sane
1099 2926 1292 2972 illorum
1326 2928 1555 2981 originem
1573 2927 1782 2971 Atticam
1815 2943 1868 2971 eo
1902 2941 2090 2983 quoque
2111 2927 2363 2984 probatam
2386 2926 2537 2972 uideri
2570 2927 2697 2984 quod

339 2996 550 3041 universi
591 2995 731 3042 [ones
774 2996 946 3042 festum
985 2996 1284 3052 gentilicium
1323 2997 1629 3053 patriciorum
1663 2996 1930 3042 Atticorum
1970 2995 2275 3048 celebrarent,
2324 3011 2476 3054 neque
2509 2997 2698 3044 obstare

339 3063 467 3122 quod
500 3064 699 3123 Ephesii
733 3064 1117 3123 Colophoniique
1150 3066 1240 3112 1100
1282 3066 1400 3110 festo
1434 3072 1655 3116 carerent,
1694 3068 1919 3122 quoniam
1963 3079 2059 3110 non
2093 3067 2356 3123 antiquitus
2390 3064 2472 3111 sed
2508 3070 2700 3124 propter

339 3139 465 3179 certa
510 3134 743 3191 quaedam
791 3136 915 3179 facta
956 3135 1014 3179 ab
1063 3135 1152 3179 hac
1191 3134 1419 3189 religione
1457 3134 1781 3179 desciuissent.
1845 3135 1960 3178 haec
2002 3136 2163 3180 omnia
2208 3135 2343 3181 firmo
2389 3140 2435 3179 et
2470 3140 2697 3193 perpetuo

341 3205 768 3258 argumentationis
811 3203 1003 3248 uinculo
1038 3206 1158 3249 inter
1197 3218 1247 3248 50
1290 3203 1557 3252 cohaerent,
1603 3218 1755 3262 neque
1798 3203 1856 3248 ad
1901 3204 2059 3248 locum
2092 3203 2319 3249 Herodoti
2352 3203 2698 3262 expediendum

342 3274 595 3330 quicquam
637 3272 764 3317 ualet
810 3272 936 3331 quod
978 3287 1061 3331 per
1099 3288 1299 3317 errorem
1333 3273 1502 3317 Ionum
1535 3274 1769 3331 Apaturia
1807 3273 1866 3317 ab
1900 3274 2148 3331 Apaturiis
2181 3275 2356 3319 Atticis
2399 3273 2699 3318 descendisse

342 3341 579 3392 dicuntur,
626 3344 738 3398 quia
770 3342 1004 3387 eiusmodi
1046 3357 1171 3387 error
1210 3358 1306 3387 non
1339 3342 1569 3388 Herodoti
1600 3347 1788 3386 tantum
1821 3349 1905 3392 est,
1952 3343 2035 3387 sed
2075 3347 2224 3389 totius
2257 3343 2448 3389 saeculi.
2512 3343 2627 3387 haec
2659 3345 2701 3387 si

1232 3409 1252 3423 r!

341 3416 464 3455 reete
495 3413 710 3468 exposui,
744 3412 890 3456 uerba
912 3411 1051 3458 πάντες
1076 3408 1208 3458 Ἴωνες
1230 3429 1315 3453 οσοι
1347 3410 1411 3453 ἀπ’
1444 3411 1639 3467 Ἀθηνέων
1670 3411 1859 3467 γεγόνασι,
1896 3410 1960 3453 καὶ
1976 3411 2208 3469 Ἀπατούρια
2239 3409 2396 3468 ἄγουσιν
2427 3411 2543 3468 ὁρτήν
2576 3412 2698 3457 nihil
